1533 2542
195 105 245 141 50
652 102 982 141 EUTROPIUS.

194 213 288 254 nius
315 211 456 254 consul
494 212 672 266 partium
698 211 884 260 Caesaris,
915 211 1106 253 civilibus
1143 211 1261 253 bellis
1298 213 1437 267 oppri-

193 284 304 311 mere
325 284 393 311 eos
422 268 659 310 conabatur.
711 269 839 323 Ergo,
862 268 1031 310 turbata
1050 269 1274 324 republica,
1305 269 1438 311 multa

194 327 407 369 Antonius
429 326 582 368 scelera
603 326 865 368 committens
886 326 910 366 a
926 333 1071 368 senatu
1083 326 1213 368 hostis
1224 327 1437 381 judicatus

193 393 267 427 est.
330 384 392 439 (A.
408 397 452 425 U.
478 387 598 440 710.)
658 383 779 424 Missi
802 383 852 423 ad
880 397 975 424 eum
996 384 1330 438 persequendum
1354 384 1437 426 duo

192 442 392 491 consules,
417 441 555 482 Pansa
575 448 618 482 et
641 440 821 489 Hirtius,
846 446 888 481 et
911 439 1166 490 Octavianus
1188 441 1435 497 adolescens,

192 514 319 540 annos
345 498 572 540 octodecim
600 504 736 546 natus,
750 496 946 546 1:aest
950 511 1262 552 nepoQ-QLQQ
1262 497 1440 552 {HE-te&

191 562 376 605 tamento
391 554 583 609 heredem
603 554 902 611 1·elic111e2{at„et
915 569 1066 604 nomen
1082 570 1213 610 suurn
1226 555 1333 597 ferre
1347 556 1437 612 jus·
1466 566 1468 568 ’

188 620 310 655 serat..
375 612 461 654 Hic
482 619 557 663 est,
591 611 664 667 qui
694 613 837 667 postea
860 612 1082 668 Augustus
1117 619 1180 654 est
1213 608 1369 663 dietus]
1394 620 1438 656 et

190 686 328 712 rerum
349 668 518 726 potitus.
570 669 712 722 Quare
733 669 909 724 profecti
929 677 1073 711 contra
1095 670 1333 712 Antonium
1352 677 1438 713 tres

191 729 316 770 duces
338 728 528 770 vicerunt
549 743 655 769 eum.
718 727 876 769 Evenit
896 734 1049 777 tamen,
1072 735 1121 770 ut
1142 728 1319 770 victores
1339 743 1438 770 eon-

191 786 299 827 sules
328 787 448 827 ambo
485 792 758 827 morerentur.
823 784 966 837 Quare
995 792 1081 827 tres
1121 786 1328 827 exercitus
1363 786 1438 828 uni

193 843 346 886 Caesari
368 843 566 898 Augusto
587 850 827 898 paruerunt.

250 901 312 942 Π.
375 901 568 956 Fugatus
598 900 825 950 Antonius,
848 900 996 941 amisso
1021 901 1222 950 exercitu,
1245 901 1436 957 confugit

190 960 243 1000 ad
264 958 487 1013 Lepidum,
504 959 576 1012 qui
601 957 774 1001 Caesaris
795 959 992 1013 magister
1014 959 1205 1013 equitum
1226 957 1375 1009 fuerat,
1395 966 1438 1002 et

190 1022 292 1058 tunc
313 1016 449 1070 copias
468 1016 649 1057 militum
664 1016 840 1072 grandes
855 1015 1035 1057 habebat
1051 1032 1060 1065 3
1085 1017 1108 1057 a
1122 1031 1204 1070 quo
1222 1024 1438 1072 susceptus

188 1081 265 1117 est.
330 1074 444 1129 Mox*
457 1074 619 1131 Lepido
640 1089 806 1129 operam
819 1074 957 1124 dante,
975 1073 1114 1128 Caesar
1129 1089 1224 1130 cum
1247 1073 1437 1117 Antonio

191 1147 342 1189 EQQI}
353 1130 471 1190 fecit,
490 1132 544 1181 et,
564 1132 689 1185 quasi
703 1126 1002 1174 vindieaffiffi‘s‘
1010 1124 1442 1186 patrffsffiffffffi‘em}

191 1190 214 1231 a
236 1184 717 1244 quo13e⁵rtestanientum
737 1189 875 1230 fuerat
890 1190 1124 1245 adoptatus,
1141 1189 1320 1232 Romam
1342 1205 1437 1232 cum

191 1247 377 1288 exercitu
410 1246 633 1301 profectus,
677 1247 864 1296 extorsit,
905 1255 954 1289 ut
984 1247 1063 1289 sibi
1095 1247 1297 1301 vigesimo
1328 1264 1436 1290 anno

192 1305 429 1346 consulatus
457 1303 637 1345 daretur.
705 1303 906 1347 Senatum
939 1305 1192 1360 proscripsit,
1223 1319 1319 1346 cum
1344 1305 1438 1348 An-

190 1363 305 1404 tonio
328 1370 368 1403 et
390 1362 566 1416 Lepido,
598 1369 640 1403 et
670 1361 968 1417 rempublicam
990 1363 1114 1404 armis
1135 1369 1277 1404 tenere
1298 1364 1436 1419 coepit.

191 1419 277 1461 Per
298 1420 371 1461 hos
394 1419 517 1461 etiam
542 1419 690 1462 Cicero
712 1427 851 1461 orator
872 1421 1030 1462 occisus
1051 1427 1126 1470 est,
1144 1421 1351 1476 multique
1367 1422 1436 1463 alii

192 1478 360 1519 nobiles.

250 1534 338 1576 HI.
371 1535 434 1590 (A.
450 1537 528 1577 ΕΛ·
539 1534 626 1590 10.)
658 1534 826 1576 Interea
847 1534 1009 1577 Brutus
1030 1542 1074 1576 et
1095 1535 1277 1586 Cassius,
1307 1536 1436 1578 inter-

192 1593 365 1634 fectores
409 1592 596 1641 Caesaris,
634 1592 783 1647 ingens
822 1592 979 1634 bellum
1020 1600 1241 1635 moverunt
1258 1609 1267 1634 ε
1317 1602 1437 1637 erant

192 1650 302 1691 enim
333 1665 408 1705 per
430 1649 723 1691 Macedoniam
743 1656 786 1692 et
821 1649 1040 1693 Orientem
1066 1651 1435 1703 multiexercitus,

192 1722 295 1761 quos
326 1714 642 1763 occupaverant.
705 1706 893 1749 Profecti
921 1715 1020 1755 sunt
1040 1708 1172 1763 igitur
1192 1715 1347 1750 eontra·
1366 1724 1436 1751 eos

193 1765 331 1808 Caesar
350 1764 607 1807 Octavianus
627 1764 850 1821 Augustus
870 1772 914 1807 et
931 1766 993 1806 M.
1012 1765 1239 1816 Antonius,
1254 1769 1436 1822 (reman-

191 1829 301 1864 serat
328 1822 437 1864 enim
467 1823 518 1864 ad
546 1822 849 1864 defendendam
870 1823 1036 1865 Italiam
1058 1823 1291 1879 Lepidus);
1325 1824 1436 1879 apud

192 1879 423 1936 Philippos,
465 1880 722 1921 Macedoniae
752 1883 912 1931 urbem,
963 1887 1108 1922 contra
1154 1895 1226 1922 eos
1268 1896 1436 1937 pugna-

191 1944 354 1979 verunt.
408 1937 552 1979 Primo
573 1938 717 1992 proelio
738 1938 839 1980 victi
855 1945 953 1979 sunt
972 1937 1184 1979 Antonius
1202 1944 1244 1979 et
1267 1937 1431 1988 Caesar3

191 1995 314 2050 periit
331 2001 471 2036 tamen
488 1996 573 2036 dux
587 1996 816 2037 nobilitatis
832 1995 1022 2038 Cassius:
1057 1993 1237 2037 secundo
1250 1995 1435 2038 Brutum

192 2060 233 2094 et
254 2053 460 2093 infinitam
491 2053 766 2103 nobilitatem,
791 2068 883 2107 quae
905 2068 999 2095 cum
1020 2053 1102 2094 illis
1123 2052 1278 2094 bellum
1299 2069 1433 2109 gesse-

192 2118 267 2159 rat,
292 2110 443 2151 x'ictam
466 2110 777 2152 interfecerunt.
842 2111 908 2152 Ac
922 2111 979 2152 sie
1000 2111 1109 2152 inter
1130 2108 1197 2151 eos
1219 2111 1351 2152 divisa
1371 2119 1434 2153 est

191 2183 255 2209 res
272 2167 449 2223 publica,
466 2175 513 2209 ut
530 2169 750 2223 Augustus
767 2169 1004 2223 Hispanias,
1021 2167 1192 2217 Gallias,
1208 2175 1251 2210 et
1267 2168 1434 2210 Italiam

192 2232 377 2267 teneret:
413 2225 626 2267 Antonius
646 2226 805 2276 Asiam,
824 2227 1024 2275 Pontum,
1045 2225 1275 2269 Orientem.
1308 2226 1371 2282 (A.
1387 2239 1432 2268 U.

195 2282 312 2334 712.Ῐὶ
367 2282 447 2325 Sed
470 2284 511 2323 in
534 2283 658 2325 Italia
680 2284 730 2325 L.
751 2284 964 2326 Antonius
981 2284 1125 2326 consul
1144 2283 1301 2325 bellum
1314 2283 1435 2327 civile
