1533 2542
92 121 143 157 32
550 118 795 156 EUTROM
806 118 836 155 U
846 118 882 155 S.

91 228 244 284 partun
285 228 393 270 bello
434 229 557 283 cepit,
600 227 751 282 partim
792 227 834 268 in
876 227 1128 269 deditionem
1166 229 1335 282 accepit.

92 286 338 327 Postlcmo
328 301 458 340 ipsam
476 286 762 333 Numantiam,
780 285 858 326 (liu
872 287 1090 333 obsessam,
1112 283 1220 325 fame
1242 299 1339 325 con·

91 343 204 392 fecit,
227 351 268 384 ct
289 360 314 385 a
334 343 420 384 solo
442 343 617 391 evertit3
650 342 854 396 reliquam
876 342 1129 397 pioviuoiam
1150 342 1195 383 in
1215 342 1338 383 fidem

92 401 261 455 accepit.

152 458 339 500 XVIII.
384 458 450 499 Eo
487 465 673 512 tempore
715 456 889 497 Attalus
930 472 1004 497 rex
1041 457 1168 505 Asiae,
1211 455 1339 498 frater

92 515 306 564 Eumenis,
329 522 518 556 mortuus
540 522 615 563 est,
646 514 934 567 haeredemque
956 513 1153 568 populum
1183 513 1340 555 Rorna-

92 588 194 613 num
214 572 396 626 reliquit.
459 572 529 613 Ita
548 571 721 626 imperio
738 570 929 612 Romano
950 586 1024 625 per
1043 577 1339 612 testamentum

93 629 198 670 Asia
219 629 398 670 accessit.

151 686 289 727 XIX.
338 687 394 739 (A.
415 699 459 727 U.
480 685 600 739 621.)
647 686 753 727 Mox
789 686 913 727 etiam
947 686 1147 727 Decimus
1183 685 1341 727 Junius

92 744 253 785 Brutus
282 744 332 785 (lc
356 743 542 786 Callaecis
572 750 614 785 et
643 743 859 784 Lusitanis
884 743 1158 798 triumphavit
1191 742 1341 797 magna

92 802 247 857 gloria:
283 808 325 842 et
361 801 411 842 P.
451 800 590 856 Scipio
628 801 853 842 Africanus
889 802 940 842 de
978 800 1247 842 Numantinis
1279 814 1341 840 se-

93 860 276 900 cundum
313 859 571 914 triumphum
605 859 691 913 egit
720 859 877 899 decimo
912 865 1060 912 quarto
1094 873 1201 898 anno
1232 857 1339 912 post,

94 918 219 971 quam
242 917 419 971 priorem
441 917 490 957 (le
514 915 660 957 Africa
681 924 834 970 egerat.

152 974 263 1015 XX.
301 974 471 1015 Motum
492 973 659 1015 interim
680 974 722 1013 in
747 973 850 1014 Asia
870 973 1026 1014 bellum
1047 980 1110 1014 est
1131 974 1181 1013 ab
1201 972 1341 1013 ARIS-

93 1043 281 1080 TONICO,
315 1031 517 1072 Eumenis
547 1031 643 1079 filio,
675 1031 748 1085 qui
776 1047 827 1072 cx
860 1031 1090 1071 concubina
1125 1037 1341 1085 susceptus

92 1089 240 1130 fuerat.
305 1089 349 1129 Is
364 1089 576 1130 Eumenes
597 1089 726 1129 frater
748 1088 883 1129 Attali
899 1088 1046 1129 fuerat.
1080 1088 1142 1141 (A.
1163 1100 1202 1128 U.
1221 1087 1341 1142 622.)

94 1147 311 1188 Adversus
352 1161 447 1187 eum
487 1146 635 1186 missus
669 1146 793 1186 Pont.
830 1145 880 1186 P.
917 1145 1107 1186 Licinius
1150 1144 1339 1194 Crassus,

92 1204 255 1245 infinita
277 1219 423 1259 regum
444 1204 590 1245 habuit
610 1203 775 1244 auxilia.
839 1202 950 1243 Nam
970 1209 1012 1243 et
1034 1202 1246 1256 Bithyniae
1266 1217 1342 1245 rex

95 1262 342 1303 Nicomedes
363 1262 576 1302 Romanos
601 1261 728 1314 juvit,
764 1267 806 1301 et
834 1260 1102 1300 Mithridates
1125 1259 1340 1309 Ponticus,

94 1333 189 1360 cum
221 1334 304 1373 quo
335 1319 490 1359 bellum
522 1319 664 1373 postea
692 1317 981 1373 gravissimum
1013 1317 1107 1366 fuit,
1140 1324 1181 1358 et
1219 1317 1341 1358 Aria-

94 1377 232 1418 rathes
257 1376 496 1431 Cappadox,
521 1383 562 1416 ct
588 1375 848 1430 Pylaemenes
871 1375 1126 1429 Paphlagon.
1190 1374 1343 1416 Victus

95 1441 157 1475 est
189 1442 327 1475 tamen
367 1433 540 1476 Crassus
575 1433 618 1473 in
654 1433 798 1488 proelio
831 1439 872 1474 et
910 1432 1181 1480 interfectus3
1215 1439 1342 1487 caput

94 1493 183 1546 ejus
219 1491 459 1532 Alistonico
495 1491 681 1531 oblatum
735 1498 808 1539 est,
858 1505 1006 1544 corpus
1049 1489 1236 1544 Smyrnae
1279 1505 1343 1531 se-

95 1549 272 1603 pultum.
336 1548 397 1603 (A.
416 1561 458 1588 U.
477 1547 595 1602 623.)
641 1547 795 1588 Postea
826 1547 910 1588 Pe1
912 1562 1048 1601 perna,
1079 1547 1222 1588 consul
1254 1546 1342 1588 Ro-

95 1621 255 1654 manis,
295 1606 367 1660 qui
404 1620 611 1646 successor
634 1604 783 1647 Crasso
825 1605 1031 1653 venieba,t
1070 1604 1212 1645 audita
1244 1604 1343 1646 belli

95 1663 307 1712 fortuna,
301 1664 351 1703 ad
375 1662 521 1703 Asiam
543 1663 751 1711 celeravit,
788 1669 829 1703 et
851 1662 934 1703 acie
950 1662 1108 1703 victum
1131 1662 1343 1702 Aristoni-

96 1735 192 1761 cum
212 1721 323 1774 apud
348 1720 613 1762 Stratonicen
641 1720 866 1768 civitatem,
902 1719 985 1773 quo
1022 1718 1200 1774 fugerat,
1219 1719 1342 1760 ¹fame

96 1778 147 1818 ad
183 1778 435 1820 deditionem
460 1777 671 1832 compulit.
736 1777 1000 1818 Aristonicus
1027 1777 1148 1830 jussu
1176 1783 1344 1818 senatus

97 1834 244 1876 Romae
276 1835 320 1875 in
340 1849 502 1876 carcere
517 1835 806 1890 'strangulatus
834 1843 896 1875 est
910 1850 920 1883 3
953 1834 1201 1888 triumphari
1233 1834 1345 1876 enim

97 1893 148 1933 de
169 1907 217 1933 eo
249 1907 332 1933 non
367 1898 543 1945 poterat,
581 1893 679 1946 quia
700 1892 916 1946 Perperna
942 1892 1052 1946 apud
1073 1891 1342 1946 Pergamum,

98 1949 277 1991 Romam
297 1949 470 1997 rediens,
493 1949 602 1989 diem
623 1949 793 1990 obierat.

158 2006 298 2047 XXI.
346 2007 408 2060 (A.
438 2018 481 2047 U.
512 2006 631 2061 630.)
682 2006 734 2047 L.
776 2005 944 2048 Caecilio
988 2005 1166 2046 Metello
1207 2011 1250 2046 et
1290 2003 1341 2046 T.

101 2063 300 2116 Quinctio
322 2063 574 2112 Flaminino,
598 2064 850 2112 consulibus,
876 2063 1090 2118 Carthago
1121 2063 1165 2103 in
1199 2061 1344 2103 Africa

94 2122 213 2175 jussu
238 2127 405 2162 senatus
432 2129 621 2175 reparata
647 2128 721 2170 est,
755 2136 847 2175 quae
879 2135 991 2161 nunc
1025 2126 1194 2169 manet·;
1226 2119 1344 2160 annis

100 2179 260 2219 duobus
277 2186 320 2220 et
333 2178 483 2233 viginti
497 2178 604 2233 post,
628 2180 754 2232 quam
774 2179 798 2219 ὲ
822 2178 1014 2233 Scipione
1031 2178 1167 2220 fuerat
1188 2192 1341 2219 eversa.

100 2234 284 2276 Deducti
305 2235 352 2277 eo
374 2242 472 2276 sunt
493 2236 602 2277 cives
623 2236 815 2277 Romani.

159 2292 324 2334 XXII.
355 2293 417 2348 (A.
437 2305 481 2334 U.
499 2292 619 2348 629.)
664 2293 792 2335 Anno
825 2293 1120 2335 sexcentesimo
1151 2291 1343 2334 vicesimo
