1512 2578
612 113 763 153 BOOK
792 115 826 151 V
833 115 864 152 Ι.
1310 122 1356 159 41

114 220 309 263 fuerunt:
346 220 510 263 Metelli
539 237 590 263 ex
621 222 838 278 Hispania,
864 224 1051 280 Pompeii
1084 227 1287 268 secundus
1309 243 1359 269 ex

115 277 334 332 Hispania,
356 278 551 321 Curionis
567 295 619 322 ex
637 280 898 331 Macedonia,
920 281 1085 324 Servilii
1103 298 1153 324 ex
1172 283 1342 326 Isauria.

171 335 253 377 VI.
286 336 408 393 (A.U.
429 337 550 391 679.)
581 337 710 379 Anno
732 339 846 379 urbis
868 340 1041 381 condita:
1063 342 1359 384 sexcentesimo

111 395 416 448 septuagesimo
447 403 579 444 sexto,
614 396 665 436 L.
690 395 856 437 Licinio
882 397 1065 438 Lucullo
1096 406 1137 439 et
1177 399 1238 439 M.
1265 398 1359 440 Au-

110 450 212 492 relio
235 450 377 501 Cotta,
409 452 661 502 consulibus,
690 461 878 495 mortuus
910 462 971 496 est
995 455 1253 506 Nicomedes,
1286 472 1358 500 rex

110 506 337 564 Bithynice,
376 517 418 551 et
454 517 703 552 testamento
744 511 943 566 populum
980 511 1217 554 Romanum
1257 514 1357 556 fecit

109 564 327 608 haeredem.
396 566 679 617 Mithridates,
721 583 820 622 paee
857 570 992 624 rupta,
1032 569 1278 626 Bithyniam
1314 580 1357 614 et

110 622 259 664 Asiam
280 639 423 665 rursus
444 625 578 666 voluit
606 625 811 667 invadere.
876 627 1090 668 Adversus
1112 643 1207 670 eum
1235 631 1356 672 ambo

108 680 297 722 consules
318 681 431 722 missi
447 683 603 723 variam
618 682 798 724 habuere
820 684 1042 725 fortunam.
1099 684 1227 727 Cotta
1246 686 1356 741 apud

109 735 418 780 Chalcedonem
439 739 574 781 victus
603 741 654 781 ab
676 755 724 781 eo
745 741 844 789 acie,
875 742 999 782 ctiam
1020 742 1129 783 intra
1157 744 1355 798 oppidum

107 802 275 837 coactus
296 802 360 838 est
380 803 422 838 et
443 798 643 838 obsessus.
685 798 768 840 Sed
790 800 884 839 esim
906 813 947 839 se
968 799 1063 840 inde
1087 799 1354 843 Mithridates

109 851 314 907 Cyzicum
341 855 634 904 transtulisset,
658 862 706 896 ut
730 855 886 910 Cyzico
907 857 1027 910 capta
1047 863 1178 898 totam
1207 857 1354 899 Asiam

107 909 335 960 invaderet,
358 911 564 953 Lucullus
585 913 623 954 ei
644 912 749 954 alter
776 913 919 954 consul
941 915 1144 964 occurrit3
1178 930 1225 956 ac
1253 916 1352 957 dum

107 967 376 1010 Mithridates
393 969 435 1009 in
453 969 665 1011 obsidione
681 969 826 1025 Cyzici
843 979 1131 1021 commoratur,
1154 972 1241 1027 ipse
1258 987 1354 1014 eum

105 1040 130 1066 a
149 1031 267 1082 tergo
289 1026 462 1076 obsedit,
485 1027 679 1082 fameque
701 1028 940 1077 consumsit,
965 1035 1006 1069 et
1035 1030 1177 1070 multis
1200 1030 1353 1084 proeliis

105 1082 230 1132 vicit3
262 1084 470 1139 postremo
493 1084 762 1140 Byzantium,
785 1085 898 1140 (quae
920 1100 1031 1127 nunc
1055 1085 1353 1130 Constantino·

104 1140 209 1195 polis
231 1142 329 1195 est,)
365 1142 541 1198 fugavit,
571 1143 707 1184 navali
741 1157 908 1197 quoque
939 1143 1081 1198 proelio
1107 1144 1232 1186 duces
1263 1146 1351 1199 ejus

105 1198 312 1240 Lucullus
343 1200 558 1255 oppressit.
621 1200 690 1242 Ita
711 1202 793 1241 una
814 1200 949 1242 hieme
977 1208 1018 1242 et
1047 1208 1188 1242 aestate
1215 1217 1239 1243 a
1260 1202 1352 1243 Lu-

105 1256 214 1298 cullo
234 1264 403 1310 centum
426 1257 511 1298 fere
533 1258 661 1298 millia
682 1258 790 1311 regis
811 1258 1017 1301 exstincta
1033 1265 1144 1301 sunt.

163 1313 271 1355 VII.
306 1314 368 1368 (A.
379 1327 423 1356 U.
446 1314 565 1370 680.)
597 1315 725 1356 Auno
747 1315 860 1356 urbis
882 1315 1028 1357 Romae
1051 1317 1349 1359 sexcentesimo

104 1372 410 1427 septuagesimo
457 1380 603 1414 octavo
652 1373 941 1414 Macedoniam
984 1373 1236 1427 provinciam
1283 1374 1346 1416 M.

104 1428 294 1471 Licinius
325 1429 533 1471 Lucullus
563 1430 734 1485 accepit,
763 1431 1030 1471 consobrinus
1062 1431 1245 1479 Luculli,
1275 1432 1346 1486 qui

103 1493 247 1528 contra
282 1487 561 1529 Mithridaten
602 1488 757 1529 bellum
798 1487 979 1543 gerebat.
1043 1488 1104 1529 Et
1138 1488 1181 1528 in
1222 1488 1346 1531 Italia

102 1558 257 1586 novum
288 1544 445 1586 bellum
476 1545 614 1587 subito
650 1552 902 1586 commotum
933 1552 1007 1587 est.
1072 1544 1348 1602 Septuaginta.

103 1602 212 1642 enim
245 1609 427 1656 quatuor
452 1603 714 1657 gladiatores,
747 1603 922 1644 ducibus
956 1602 1168 1658 Spartaco,
1204 1603 1345 1654 Crixo,

102 1665 145 1700 et
166 1659 391 1710 OEnomao,
423 1662 593 1702 effracto
617 1660 771 1714 Capuae
796 1660 908 1709 ludo,
938 1660 1188 1715 effugerunt,
1212 1668 1255 1702 et
1274 1677 1349 1716 per

102 1715 268 1758 Italiam
310 1724 522 1772 vagantes,
566 1719 681 1772 paene
719 1732 802 1758 non
842 1717 975 1758 levius
1006 1718 1161 1759 bellum
1201 1718 1244 1758 in
1285 1719 1345 1768 οὒ,

102 1774 227 1827 quam
258 1774 472 1815 Hannibal
503 1782 703 1823 moverat,
737 1781 998 1829 paraverunt.
1061 1775 1172 1816 Nam
1203 1775 1347 1817 multis

100 1831 290 1881 ducibus,
309 1839 351 1873 et
367 1831 528 1873 duobus
546 1832 668 1873 simul
689 1832 975 1873 Romanorum
992 1833 1243 1883 consulibus,
1260 1833 1347 1875 vic-

99 1889 167 1938 tis,
205 1888 266 1943 (Α.
285 1901 328 1931 U.
361 1892 465 1945 681)
506 1890 723 1945 sexaginta
759 1890 844 1931 sere
879 1889 1057 1930 millium
1093 1897 1346 1932 armatorum

99 1947 329 1989 exercitum
351 1955 732 2003 congregaverunt3
756 1947 942 2000 victique
964 1954 1061 1988 sunt
1082 1947 1126 1988 in
1149 1947 1307 2003 Apulia
1323 1949 1347 1990 a

100 2003 163 2045 M.
183 2004 350 2047 Licinio
375 2004 523 2048 Crasso
543 2005 800 2060 proconsule,
829 2011 872 2046 et
892 2011 986 2059 post
1006 2005 1159 2046 multas
1180 2005 1347 2047 calami-

99 2068 206 2102 tates
228 2062 374 2110 Italics,
406 2063 532 2105 tertio
560 2077 682 2112 anno,
712 2063 834 2118 (A.U.
861 2062 965 2117 682)
993 2062 1101 2104 bello
1132 2063 1228 2104 huic
1252 2063 1347 2105 finis

98 2119 325 2173 impositus.

158 2176 292 2218 VIII.
323 2176 442 2231 (A.U.
463 2177 582 2232 682.)
615 2176 925 2220 Sexccntesimo
947 2177 1198 2232 octogesimo
1213 2177 1346 2232 primo

98 2234 212 2276 urbis
253 2234 430 2275 conditae
470 2250 592 2284 anno,
630 2235 680 2276 P.
718 2234 913 2278 Cornelio
950 2233 1138 2275 Lentulo
1179 2241 1222 2276 et
1264 2233 1343 2276 Cn.

103 2291 272 2334 Aufidio
295 2291 457 2340 Oreste,
490 2292 740 2336 consulibus„
770 2292 852 2333 duo
880 2292 1045 2333 tantum
1069 2291 1214 2346 gravia
1239 2290 1345 2334 bella
