1533 2542
147 101 192 137 12
599 94 929 134 EUTROPIUS.

143 207 356 263 Pyrrhum
387 207 437 248 de
467 205 716 248 redimendis
743 203 919 259 captivis
947 202 1076 253 missi,
1110 200 1162 243 ab
1189 217 1237 244 eo
1262 203 1372 244 hono

141 266 254 308 rifice
270 265 452 320 suscepti
465 270 587 313 sunt3
611 263 796 322 captivos
817 262 904 303 sine
917 261 1051 359 gret-io
1065 260 1245 302 Romam
1261 258 1388 301 misit.

143 324 291 366 Unum
328 338 379 364 ex
412 322 560 377 legatis
595 321 894 368 Romanorum,
946 311 1284 367 *abiu'eiuin'j‘sic
1319 317 1390 358 ad-

140 381 314 423 miratus
342 388 418 429 est,
441 387 502 429 ut,
525 380 620 421 cum
642 393 736 419 eum
759 391 981 431 pauperem
1004 390 1092 417 esse
1113 373 1387 430 cognovisset,

141 438 290 493 quarta
319 444 436 494 parte
466 436 585 492 regni
615 434 826 490 promissa,
869 433 1089 474 sollicitare
1111 431 1303 482 voluerit,
1340 439 1389 473 ut

139 497 190 538 ad
212 511 253 538 se
273 496 493 543 transiret3
526 498 845 544 contemtusque
861 491 886 531 a
903 489 1098 531 Fabricio
1112 495 1186 531 est.
1242 488 1386 542 Quare

140 555 235 595 cum
258 553 450 607 Pyrrhus
477 550 639 605 ingenti
660 549 948 590 Romanorum
979 546 1250 588 admiratione
1271 553 1389 588 tene·

138 618 266 660 retur,
308 610 494 665 legatum
516 607 641 656 misit,
665 606 738 660 qui
759 620 902 661 pacem
923 604 1053 658 aequis
1081 603 1388 646 conditionibus

138 674 313 723 peteret,
342 666 594 722 praecipuum
631 665 780 712 virum,
825 662 999 705 Cineam
1028 663 1206 711 nomine,
1244 662 1303 703 ita
1336 669 1388 703 ut.

138 725 329 781 Pyrrhus
349 732 511 780 partem
534 722 682 771 halim,
707 736 832 776 quam
848 721 938 775 jam
959 720 1084 761 armis
1100 728 1385 775 occupaverat,

137 784 357 825 obtineret.

196 841 334 882 XIII.
368 840 461 880 Pax
486 838 709 893 displicuit,
755 835 1130 889 remandatumque
1163 833 1329 888 Pyrrho
1359 838 1384 876 a

138 905 285 940 senatu
299 904 374 947 est,
390 913 486 938 eum
499 912 594 937 cum
608 894 822 943 Romanis,
845 893 925 934 nisi
941 908 992 935 ex
1006 892 1132 933 Italia
1140 890 1386 941 recessisset,

139 971 281 1011 pacem
312 956 463 996 habere
499 969 584 995 non
618 968 745 1008 posse.
817 952 928 992 Tum
964 950 1147 991 Romani
1170 950 1388 1004 jusserunt

139 1014 323 1069 captivos
357 1027 511 1061 omneS,
555 1026 657 1065 quos
695 1009 887 1065 Pyrrhus
928 1008 1178 1057 reddiderat,
1215 1007 1388 1048 infames

139 1072 293 1121 haberi,
324 1071 436 1126 qued
458 1069 605 1111 armati
633 1068 724 1123 capi
754 1067 1000 1122 potuissent,
1031 1080 1108 1107 nec
1128 1065 1226 1106 ante
1246 1079 1314 1106 eos
1335 1064 1388 1106 ad

142 1137 323 1171 veterem
359 1135 515 1169 statum
551 1126 717 1174 reverti,
752 1125 876 1178 quam
911 1124 944 1165 si
977 1124 1171 1165 binorum
1202 1122 1387 1164 hostium

140 1187 366 1229 occisorum
394 1185 523 1241 spolia
550 1184 799 1225 retulissent.
864 1182 933 1223 Ita
960 1182 1124 1236 legatus
1145 1180 1302 1236 Pyrrhi
1323 1195 1388 1221 re-

140 1260 282 1286 versus
304 1251 378 1285 est.
444 1243 483 1284 A
519 1257 603 1296 quo
631 1243 726 1283 cum
756 1246 962 1293 quaereret
994 1239 1198 1293 Pyrrhus,
1229 1238 1387 1293 qualem

141 1304 314 1343 Romam
329 1303 610 1355 comperisset?
648 1298 799 1341 Cineas
821 1297 953 1338 dixit:
989 1312 1188 1352 &qum-se
1205 1297 1387 1350 patriam

140 1362 282 1402 vidisse
294 1377 309 1409 ;
341 1361 491 1400 scilicet
511 1359 609 1398 tales
626 1355 811 1410 illiefer&
832 1370 975 1403 omnes,
999 1355 1132 1409 qualis
1154 1368 1258 1394 unus
1274 1354 1386 1408 Pyr-

141 1420 238 1459 rhus
275 1419 389 1471 apud
418 1418 596 1469 Epirum
628 1421 665 1454 et
695 1415 889 1467 reliquam
928 1414 1131 1453 Grcecz'am
1152 1417 1384 1466 putaretur.

143 1476 203 1521 (A.
224 1488 265 1517 U.
289 1473 409 1529 474.)
458 1473 580 1514 Missi
619 1478 717 1512 sunt
757 1477 901 1511 contra
929 1469 1144 1524 Pyrrhum
1179 1468 1302 1509 duces
1334 1467 1384 1509 P.

146 1533 353 1588 Sulpicius
370 1539 412 1573 et
433 1530 591 1572 Decius
613 1529 727 1577 Mus,
751 1527 950 1569 consules
1016 1526 1256 1568 Certamine
1277 1540 1388 1567 com-

141 1591 265 1631 misso
302 1589 492 1645 Pyrrhus
524 1587 768 1628 vulneratus
804 1592 879 1632 est,
915 1584 1126 1639 elephanti
1162 1582 1386 1633 interfecti,

143 1648 292 1703 viginti
323 1647 452 1688 millia
482 1661 584 1687 caesa
612 1644 808 1692 hostium,
841 1649 882 1684 et
913 1657 965 1683 ex
1000 1641 1202 1683 Romanis
1222 1641 1389 1682 tantum

143 1707 329 1761 quinque
350 1704 487 1745 millia.
552 1702 742 1757 Pyrrhus
764 1701 994 1742 Tarentum
1014 1699 1196 1754 fugatus.

202 1763 247 1805 X
256 1763 334 1806 IV.
354 1762 413 1814 (A.
427 1774 471 1802 U.
489 1763 610 1814 475.)
633 1759 859 1813 Interjecto
875 1772 996 1806 anno,
1015 1764 1160 1799 contra
1174 1751 1390 1811 Pyrrhum

143 1821 361 1864 Fabricius
382 1827 444 1861 est
461 1819 622 1867 missus,
643 1817 716 1871 qui
731 1817 845 1869 prius
866 1816 975 1856 inter
995 1815 1156 1870 legatos
1177 1814 1390 1856 sollicitari

144 1893 228 1920 non
244 1884 450 1933 potuerat,
470 1877 620 1929 quarta
631 1881 748 1929 parte
761 1873 881 1929 regni
895 1873 1105 1928 promissa.
1146 1872 1270 1921 Tum,
1293 1873 1390 1914 cum

144 1936 281 1977 vicina
302 1941 437 1976 castra
451 1935 539 1988 ipse
561 1940 602 1974 et
623 1948 697 1973 rex
716 1932 930 1979 haberent,
953 1930 1137 1971 medicus
1158 1929 1317 1983 Pyrrhi
1337 1929 1391 1972 ad

146 2009 240 2035 eum
262 1999 382 2034 nocte
399 1992 527 2040 venit,
549 1990 808 2044 promittens,
831 2003 873 2029 se
899 2002 1059 2029 veneno
1088 1986 1300 2042 Pyrrhum
1322 2001 1390 2029 00-

142 2052 341 2100 cisurum,
370 2050 405 2090 si
426 2049 503 2090 sibi
524 2047 679 2101 aliquid
701 2047 989 2101 polliceretur3
1023 2060 1148 2101 quem
1169 2044 1391 2096 Fabricius

147 2109 333 2151 vinctum
360 2107 502 2149 reduci
522 2105 650 2160 jussit
685 2105 736 2145 ad
763 2103 989 2152 dominum,
1012 2097 1264 2157 Pyrrhoque
1287 2101 1389 2152 -diei,

147 2162 240 2220 qu‘ae
267 2171 411 2207 centra
431 2169 557 2218 caput
585 2163 671 2217 ejus
702 2161 886 2202 medicus
899 2158 1220 2215 spospondisset.
1269 2159 1428 2201 Tunes*

146 2237 220 2265 rex
241 2223 467 2264 admiratus
488 2237 596 2269 eum,
627 2219 778 2261 dixisse
804 2219 962 2260 fertur:
987 2220 1053 2259 ille
1078 2213 1391 2266 &afwa-irim,

145 2283 219 2334 qui
233 2278 434 2336 dg‘fficilizis
449 2281 498 2320 ab
525 2281 737 2326 honestate,
764 2276 885 2332 queim
908 2278 968 2317 sol
987 2276 1012 2322 ὰ
1030 2273 1398 2326 ομνξςμ-ἑζιρῴςζυςῄὶ
