1492 2573
653 107 801 144 BOOK
834 107 862 143 1.
1354 116 1374 148 5

137 213 306 268 quinius
349 214 583 258 Collatinus
627 215 729 257 urbe
782 217 967 258 cessisset
1007 224 1174 273 propter
1215 233 1374 270 nomen,

137 272 297 314 Brutus
317 273 461 328 proelio
482 274 668 329 perisset,
696 273 766 329 Sp.
792 274 1016 316 Lucretius
1034 275 1175 317 morbo
1192 284 1378 317 mortuus

135 337 255 372 esset.

192 386 280 431 XI.
317 387 519 444 Secundo
537 403 836 443 quoqueanno
866 390 1019 433 iterum
1038 390 1303 444 Tarquinius,
1330 399 1379 433 ut

108 439 450 518 feciperetffr'in
472 461 660 502 regnum,
684 447 838 495 bellum
859 447 1062 490 Romanis
1082 448 1240 498 intulit,
1262 450 1379 491 auxi-

132 501 236 543 lium
250 503 287 544 ei
301 503 459 545 ferente
474 503 671 553 Porsena,
689 504 849 546 Tuscia}
866 520 962 560 rege
979 521 989 554 3
1014 513 1055 547 ct
1069 505 1246 548 Romam
1264 507 1378 562 paen&

134 560 255 615 cepit,
319 562 381 614 (x.
401 573 442 602 U.
464 564 584 616 246.)
617 562 777 603 Vcrsun
813 570 914 604 tunc
949 577 1116 616 quoquc
1144 564 1279 605 victus
1301 573 1375 605 cst.

134 616 279 658 Tertio
299 632 408 658 anno
428 625 522 672 post
552 634 669 674 reges
698 627 862 660 exactos
886 620 1152 673 Tarquinius,
1175 623 1269 663 cum
1291 637 1379 663 sus-

132 673 214 729 cipi
249 689 332 715 non
367 681 505 729 posset
541 676 584 716 in
619 691 808 731 regnum,
839 692 973 730 neque
1009 678 1043 718 ei
1073 678 1392 738 PorsenQ-*Qi-

160 745 275 773 acem
322 746 417 773 cum
458 731 659 774 Romanis
698 733 865 782 fecerat,
903 735 1103 775 auxilium
1151 744 1376 789 praestarct,

130 745 958 846 ῗΓῐΞἚΤΣ-Τῦῖεἷί-υῶ-’ῄῖωιυᾘη
995 806 1087 845 quae
1120 792 1264 835 civitas
1294 809 1377 835 non

129 846 254 902 longe
275 846 326 888 ab
347 846 451 888 urbe
473 855 547 897 est,
570 856 696 902 atque
717 848 774 890 ibi
797 843 1378 903 lff·*quammzleem·mos

130 918 158 958 p
326 905 616 946 ''Tiiffl'ffiore
652 907 878 947 consenuit.
956 907 1119 958 Quarto
1144 923 1252 950 anno
1285 916 1378 964 post

129 975 249 1017 reges
265 969 444 1011 exactos,
462 964 557 1004 cum
575 962 717 1005 Sabini
734 963 934 1004 Romanis
950 965 1106 1006 bellurn
1124 965 1376 1016 intulissent,

129 1019 231 1060 victi
263 1026 374 1069 sunt,
410 1027 452 1061 et
474 1020 526 1061 de
558 1020 622 1061 his
654 1027 717 1061 est
748 1021 1062 1076 triumphatum.
1109 1023 1171 1078 (A.
1190 1035 1234 1065 U.
1258 1024 1376 1080 249.)

131 1074 295 1128 Quinto
331 1092 440 1119 anno
462 1077 658 1119 Valerius
687 1077 768 1127 ille,
793 1077 919 1119 Bruti
948 1080 1117 1135 collega,
1153 1090 1194 1122 et
1231 1088 1377 1134 quater

129 1134 275 1176 consul
301 1134 484 1176 fataliter
520 1142 709 1176 mortuus
746 1143 835 1185 est3
869 1136 970 1178 adeo
998 1152 1167 1192 pauper,
1202 1146 1262 1187 ut,
1293 1139 1377 1180 col-

128 1190 223 1233 latis
244 1207 268 1233 a
295 1193 449 1248 populo
473 1193 668 1242 nummis,
695 1202 879 1234 sumtum
907 1194 1098 1236 habuerit
1127 1195 1373 1250 sepulturae3

128 1263 255 1303 quem
275 1257 486 1300 matronae,
510 1251 617 1292 sicut
638 1251 834 1301 Brutum,
857 1267 1011 1292 annum
1032 1253 1242 1294 luxerunt.

187 1306 301 1348 XII.
333 1307 460 1349 Nono
488 1323 597 1350 anno
631 1315 725 1362 post
759 1323 877 1364 reges
913 1317 1093 1360 exactos,
1123 1312 1217 1352 cum
1248 1326 1378 1366 gener

129 1363 361 1419 Tarquinii,
384 1365 436 1406 ad
468 1365 662 1419 Injuriam
683 1367 811 1406 soceri
832 1367 1131 1417 vindicandam,
1160 1368 1375 1423 ingentem

127 1422 362 1478 collegisset
384 1423 627 1472 exercitum,
642 1437 751 1464 nova
771 1423 917 1465 Romae
938 1424 1117 1480 dignitas
1139 1432 1201 1467 est
1223 1433 1372 1475 creata,

128 1494 222 1533 quae
263 1479 549 1522 DICTATURA
595 1481 838 1535 appellatur,
885 1482 1015 1536 major
1055 1483 1181 1536 quam
1227 1498 1375 1525 consu-

127 1536 249 1578 latus.
312 1537 374 1592 (Α.
393 1550 437 1579 U.
457 1537 578 1594 253.)
608 1538 770 1580 Eodem
809 1553 917 1580 anno
957 1539 1082 1581 etiam
1124 1540 1375 1583 MAGISTER

128 1593 358 1641 EQUITUM
403 1594 539 1637 factus
589 1602 664 1645 est,
712 1596 785 1649 qui
825 1597 1018 1638 dictatori
1063 1598 1372 1652 obsequeretur.

126 1650 323 1694 Dictator
338 1659 479 1694 autem
500 1653 646 1694 Romae
668 1654 825 1708 primus
845 1653 927 1696 fuit
948 1654 1144 1705 Lartius3
1178 1656 1375 1712 magister

126 1710 318 1764 equitum
338 1711 496 1765 primus
520 1710 590 1765 Sp.
615 1710 794 1753 Cassius.

184 1766 325 1809 XIII.
358 1767 421 1823 (A.
437 1780 481 1809 U.
502 1766 621 1823 260.)
684 1767 813 1810 Sexto
834 1769 994 1811 decimo
1015 1785 1122 1812 anno
1143 1777 1236 1827 post
1257 1786 1373 1828 reges

126 1831 294 1866 exactos
330 1825 574 1867 seditionem
599 1826 777 1880 populus
810 1826 956 1868 Romae
982 1827 1094 1877 fecit,
1124 1836 1324 1883 tanquam
1350 1845 1374 1870 a

126 1888 275 1924 senatu
308 1889 436 1938 atque
476 1883 714 1925 consulibus
746 1891 1014 1938 premeretur.
1079 1885 1188 1927 Tum
1210 1894 1251 1928 et
1287 1887 1373 1942 ipse

125 1939 204 1981 sibi
245 1939 492 1983 TRIBUNOS
532 1940 722 1990 PLEBIS,
760 1942 878 1995 quasi
910 1942 1094 1998 proprios
1129 1944 1290 1999 judices
1330 1952 1374 1986 et

125 1996 374 2048 defensores,
403 1998 572 2048 creavit,
598 2013 673 2053 per
697 2013 801 2052 quos
829 2007 974 2041 contra
1004 2007 1193 2043 senatum
1213 2009 1255 2043 et
1276 2016 1373 2044 eon-

126 2054 236 2096 sules
257 2061 377 2098 tutus
398 2070 486 2098 esse
506 2063 655 2111 posset.

185 2111 318 2155 XIV.
351 2113 414 2169 (A.
433 2126 477 2155 U.
498 2114 618 2170 261.)
681 2113 886 2169 Sequenti
917 2130 1026 2158 anno
1043 2116 1190 2159 Volsci
1217 2116 1371 2158 bellum

125 2178 436 2224 reparaverunt,
459 2177 514 2221 et,
536 2171 638 2213 victi
662 2172 761 2221 acie,
785 2173 909 2214 ctiam
937 2173 1124 2216 Coriolos
1145 2174 1369 2225 civitatem,

127 2241 253 2281 quam
274 2227 483 2270 habebant
504 2229 715 2283 optimam,
738 2231 1020 2284 perdiderunt.

184 2283 292 2326 XV.
325 2284 388 2338 (A.
403 2298 448 2327 U.
469 2286 588 2341 262.)
621 2287 782 2329 Octavo
799 2287 956 2329 decimo
977 2303 1086 2331 anno
1106 2295 1199 2345 post
1220 2289 1371 2345 ejectos

1409 1601 1420 1738 n—...fl-
