1533 2542
140 129 189 165 42
601 125 931 165 EUTROPIUS.

139 237 183 279 in
212 237 381 292 imperio
412 237 603 278 Romano
632 243 761 284 erant,
795 235 1130 276 Mithridaticum
1167 243 1210 276 et
1241 235 1384 277 Mace·

139 295 344 337 donicum.
404 294 509 336 Haec
531 295 610 335 duo
634 293 805 334 Luculli
826 295 1018 347 agebant,
1042 292 1093 333 L.
1114 292 1321 334 Lucullus
1342 299 1384 335 et

140 353 202 394 M.
228 352 445 394 Lucullus.
510 352 560 392 L.
587 365 681 405 ergo
707 350 914 391 Lucullus
935 357 1028 405 post
1049 365 1233 405 pugnam
1257 350 1382 406 Cyzi-

141 425 295 459 cenain,
334 410 416 464 qui
453 409 609 450 xicerat
646 408 935 457 Mithridaten,
979 415 1021 448 et
1056 407 1257 457 navalem,
1301 409 1384 462 qua

140 468 263 509 duces
279 469 366 523 ejus
383 473 650 521 oppresserat,
673 472 913 520 persecutus
935 471 997 505 est
1019 479 1126 513 eum,
1146 472 1200 514 ct,
1219 467 1383 531 recepta

140 525 426 579 Paphlagonit
454 530 580 578 atque
607 522 822 577 Bithynia,
856 522 981 563 etiam
1009 537 1186 575 regnum
1211 523 1300 576 ejus
1321 523 1384 562 in-

140 583 272 623 vasit:
311 581 493 635 Sinopen
529 587 570 621 et
603 580 792 628 Amison
826 580 1016 622 civitates
1048 559 1177 621 Ponti
1213 579 1381 621 nobilis·

140 640 274 688 simas,
297 639 417 693 cepit.
461 638 653 680 Secundo
674 637 817 692 proelio
838 638 948 692 apud
972 637 1133 680 Cabirae
1155 637 1380 687 civitatem,

140 711 223 750 quo
244 696 433 752 ingentes
453 696 590 750 copias
612 711 664 737 ex
680 695 793 736 omni
811 709 940 751 regno
961 695 1192 737 adduxerat
1213 694 1384 736 Mithri-

140 755 267 803 dates,
299 755 394 796 cum
414 754 589 809 triginta
610 753 740 794 millia
766 752 988 794 lectissima
1014 753 1123 808 regis
1145 768 1168 793 a
1194 753 1382 807 quinque

140 812 322 853 millibus
350 812 635 853 Romanorum
660 817 821 852 vastata
848 817 997 861 essent,
1028 810 1296 852 Mithridates
1317 810 1384 852 fu-

139 876 261 924 gatus
290 876 364 918 est,
398 876 440 910 et
468 875 601 910 castra
629 869 717 923 ejus
745 869 916 923 direpta.
981 868 1184 909 Armenia
1215 883 1383 922 quoque

139 927 286 977 minor,
311 942 435 981 quam
457 933 662 976 tenuerat,
686 926 819 967 eidem
841 926 1005 969 sublata
1024 933 1098 967 est.
1156 925 1383 981 Susceptus

140 991 279 1025 tamen
311 992 373 1026 est
406 984 676 1025 Mithridates
707 991 799 1038 post
830 983 974 1039 fugam
1009 999 1034 1024 a
1063 983 1258 1038 Tigrane,
1297 982 1383 1024 Ar*

139 1042 284 1083 meniae
304 1057 415 1097 rege,
439 1042 512 1095 qui
528 1048 630 1083 tunc
646 1041 806 1096 ingenti
822 1042 954 1096 gloria
972 1041 1214 1095 imperabat,
1234 1041 1383 1083 Persas

140 1114 245 1154 saepe
262 1100 429 1148 vicerat,
454 1099 803 1154 Mesopotamiam
824 1106 1111 1154 occupaverat,
1134 1105 1175 1140 et
1202 1098 1380 1155 Syriam,

140 1163 182 1198 et
203 1156 422 1198 Phoenices
443 1164 614 1212 partem.

198 1213 284 1255 IX.
329 1215 443 1270 Ergo
480 1214 699 1262 Lucullus,
741 1219 932 1268 repetens
972 1213 1134 1255 hostem
1174 1213 1380 1268 fugatum,

139 1271 263 1313 etiam
284 1287 459 1327 regnum
482 1271 687 1326 Tigranis,
719 1271 793 1323 qui
819 1270 1033 1312 Armeniis
1053 1271 1295 1325 imperabat,
1319 1271 1383 1311 in-

137 1344 302 1384 gressus
324 1336 407 1370 est:
437 1330 498 1385 (A.
516 1341 560 1370 U.
587 1328 690 1383 684)
721 1328 1031 1383 Tigranocerta,
1061 1329 1275 1370 civitatem
1297 1328 1382 1370 Ar-

137 1387 282 1428 meniae
317 1387 615 1428 nobilissimam
646 1386 781 1441 cepit:
817 1386 953 1440 ipsum
984 1401 1126 1441 regem
1159 1401 1254 1428 cum
1291 1401 1383 1428 sex-

138 1445 268 1485 centis
311 1445 494 1486 millibus
536 1443 866 1492 elibanariorum,
909 1451 951 1485 et
991 1450 1159 1485 centum
1201 1443 1380 1487 millibus

138 1502 374 1555 sagittarim
378 1518 447 1542 um
473 1509 514 1542 et
543 1508 794 1542 armatorum
816 1502 1065 1550 venientem,
1089 1501 1382 1556 septemdecim

136 1559 266 1600 millia
297 1559 479 1600 militum
507 1559 662 1600 habens
692 1558 751 1599 ita
776 1558 889 1607 vicit,
922 1566 970 1600 ut
997 1574 1191 1610 magnam
1219 1565 1383 1613 partem

137 1615 436 1658 Armenimum
452 1616 660 1658 deleverit.
699 1616 760 1670 (A.
773 1628 817 1657 U.
838 1616 956 1671 685.)
982 1593 1091 1658 Inde
1105 1616 1273 1657 Nisibm
1288 1632 1384 1682 pio·

136 1673 282 1723 fectus,
315 1689 405 1715 eam
434 1689 601 1728 quoque
622 1674 834 1716 civitatem
856 1688 951 1715 curn
978 1674 1088 1729 regis
1108 1673 1237 1715 fratre
1258 1674 1380 1729 cepit.

139 1731 222 1773 Sed
262 1732 317 1781 hi,
361 1746 465 1785 quos
506 1732 550 1772 in
586 1731 725 1772 Ponto
765 1731 971 1772 Lucullus
1010 1732 1249 1784 reliquerat,
1288 1746 1383 1773 cum

137 1790 342 1831 exercitus
363 1796 493 1844 parte,
520 1796 569 1830 ut
589 1789 776 1844 regiones
797 1789 927 1830 victas
949 1789 1075 1830 etiam
1095 1789 1383 1831 Romanorum

135 1853 367 1895 tuerentur,
391 1847 651 1902 negligenter
667 1862 709 1887 sc
727 1853 768 1887 et
785 1847 906 1888 avare
922 1853 1105 1902 agentes,
1128 1847 1382 1889 occasionem

134 1903 287 1944 iterum
319 1904 559 1945 Mithridati
590 1905 633 1945 in
667 1904 854 1945 Pontum
884 1904 1142 1959 irrumpendi
1163 1904 1380 1954 dederunt,

135 1967 262 2014 atque
278 1962 336 2002 ita
351 1961 507 2002 bellum
528 1968 772 2003 renovatum
790 1967 863 2002 est.
907 1961 968 2017 (A.
984 1973 1029 2002 U.
1050 1959 1168 2017 686.)
1200 1961 1382 2004 Lucullo

134 2019 309 2073 paranti,
347 2020 467 2073 capta
504 2019 655 2067 Nisibi,
698 2026 842 2060 contra
874 2018 1024 2060 Persas
1060 2018 1380 2074 expeditionem,

135 2090 341 2119 successor
362 2084 424 2117 est
445 2076 604 2117 missus.

193 2133 253 2174 X.
293 2134 418 2175 Alter
448 2142 587 2175 autem
624 2133 843 2183 Lucullus,
882 2134 956 2187 qui
988 2133 1279 2176 Macedoniam
1309 2136 1380 2177 ad-

134 2191 407 2240 ministrabat,
423 2191 563 2233 Bessis
579 2191 736 2246 primus
750 2191 1037 2233 Romanorum
1051 2192 1195 2233 intulit
1208 2191 1378 2247 bellum,

134 2255 260 2302 atque
282 2264 350 2290 cos
378 2249 539 2304 ingenti
560 2248 703 2303 proelio
728 2249 769 2289 in
799 2249 948 2290 Haemo
970 2256 1112 2291 monte
1141 2249 1377 2304 superavit:

134 2305 332 2361 oppidum
355 2307 652 2356 Uscudamam,
683 2306 794 2361 quod
817 2306 934 2348 Bessi
956 2307 1214 2357 habitabant,
1236 2306 1378 2349 eodem
