1533 2542
181 116 229 153 22
634 111 669 149 E
676 109 965 150 UTROPIUS.

181 231 288 266 trem
305 224 392 278 ejus
410 220 743 268 Hasdrubalem
767 219 810 260 in
832 216 1080 259 Macedonia
1099 223 1244 259 contra
1260 213 1420 271 Philip-

123 295 127 337 ξ
182 297 306 337 pu1n3
332 281 384 332 ‚in
414 279 604 322 Sardinia
627 283 772 320 contra
797 275 946 319 Sardos
971 281 1014 316 et:
1034 275 1211 316 alterum
1235 272 1423 314 Hasdru-

182 339 317 381 balcm
341 336 736 391 Carthaginiensem.
800 333 844 374 Is
864 333 888 374 a
910 332 959 373 Τ.
985 332 1147 373 Manlio
1167 329 1424 387 proconsule,

183 396 257 451 qui
289 395 340 436 ad
376 394 607 437 Sardiniam
641 392 788 433 missus
823 391 974 438 fuerat,
1011 389 1133 431 vivus
1167 395 1230 430 est
1265 393 1424 443 cathS,

183 454 315 496 occisa
336 467 430 494 cum
453 466 500 493 eo
517 449 732 492 duodecim
759 448 901 496 millia,
924 447 1035 501 capti
1055 446 1167 487 mille
1189 444 1424 501 quingenti,

183 517 226 553 et
245 512 269 552 a
289 509 489 551 Romanis
515 506 704 550 Sardinia
723 505 905 546 subacta.
969 503 1156 544 Manlius
1177 503 1311 545 victor
1331 515 1427 556 cap-

184 568 292 609 tivos
326 574 369 608 et
403 563 711 606 Hasdrubalem
746 562 926 603 Romam
957 560 1195 615 reportavit.
1258 559 1428 600 Interea.

184 624 308 666 etiam
330 623 550 676 Philippus
577 621 602 662 a
626 619 800 661 Laevino
827 619 870 659 in
900 617 1148 659 Macedonia
1167 617 1362 665 vincitur,
1384 622 1428 657 et

184 682 228 722 in
250 680 456 735 Hispania
471 681 495 720 a
514 677 777 734 Scipionibus
799 675 1044 717 Hasdrubal
1060 681 1103 717 et
1119 674 1263 730 Mago,
1280 673 1429 715 tertius

184 739 314 780 frater
335 736 599 778 Hannibalis.

245 796 377 837 XIV.
402 794 464 849 (A.
480 807 524 835 U.
550 793 668 848 542.)
699 791 875 833 Decimo
895 805 1003 832 anno
1027 796 1134 845 post,
1161 789 1288 844 quam
1310 788 1430 830 Han-

186 853 299 894 nibal
321 853 363 892 in
379 852 546 892 Italiam
561 856 743 898 venerat,
762 849 812 890 P.
835 848 1034 903 Sulpicio,
1047 847 1125 890 Cn.
1145 846 1313 895 Fulvio,
1333 860 1431 888 con-

187 911 356 958 sulibus,
383 908 597 949 Hannibal
614 921 745 960 usque
767 906 819 947 ad
840 912 1036 959 quartum
1057 903 1296 946 milliarium
1317 903 1432 945 urbis

187 967 380 1014 accessit3
416 966 579 1020 equites
601 966 689 1019 ejus
721 978 855 1018 usque
888 964 939 1004 ad
971 969 1144 1017 portam.
1208 960 1316 1002 Mox
1335 974 1433 1002 con-

188 1025 323 1066 sulum
355 1031 482 1072 metu,
515 1038 609 1064 cum
638 1022 825 1064 exercitu
845 1020 1102 1069 venientum,
1138 1018 1352 1060 Hannibal
1380 1018 1431 1059 ad

190 1081 460 1136 Campaniam
475 1095 517 1121 se
531 1079 697 1134 recepit.
746 1078 798 1119 In
817 1077 1022 1133 Hispania
1035 1078 1059 1118 a
1073 1077 1200 1124 fratre
1218 1075 1433 1130 ejusffiIas-

188 1139 358 1181 drubalc
375 1138 495 1179 ambo
516 1137 741 1192 Scipiones,
766 1134 837 1189 qui
853 1150 925 1190 per
944 1135 1097 1177 multos
1114 1149 1242 1176 annos
1257 1133 1434 1175 victores

189 1196 368 1244 fuerant,
391 1195 700 1236 interficiuntur
712 1209 723 1242 3
749 1193 956 1235 exercitus
972 1199 1113 1233 tamen
1134 1191 1298 1247 integer
1317 1205 1433 1245 man-

190 1255 267 1302 sit3
301 1268 397 1294 casu
430 1252 540 1293 enim
571 1250 702 1306 magis
730 1257 860 1299 erant,
896 1250 1021 1303 quam
1055 1249 1224 1298 virtute,
1257 1247 1431 1303 decepti.

190 1312 252 1365 (A.
271 1323 315 1351 U.
333 1310 447 1365 542.)
481 1308 578 1360 Quo
609 1314 794 1362 tempore
827 1307 951 1348 etiam
981 1307 1005 1347 a
1029 1306 1196 1347 consule
1230 1304 1433 1347 Marcello

194 1369 342 1412 Siciliae
364 1381 514 1421 magna
534 1381 626 1420 pars
643 1372 762 1420 capta
783 1371 858 1414 cst,
881 1378 1009 1418 quam
1029 1370 1170 1405 tenere
1188 1362 1286 1403 Afri
1303 1376 1435 1417 coepe*

190 1433 297 1474 rant,
330 1431 372 1466 ct
399 1423 662 1465 nobilissimzc
689 1422 802 1464 urbis
827 1421 1097 1476 Syracusanae
1129 1420 1266 1475 praeda
1286 1420 1434 1475 ingens

192 1484 370 1524 Romam
409 1480 568 1536 perlata
607 1486 681 1521 est.
726 1479 924 1520 Laevinus
964 1479 1008 1518 in
1052 1477 1300 1519 Macedonia
1339 1491 1434 1518 cum

193 1541 401 1595 Philippo,
438 1545 480 1579 et
519 1538 662 1578 multis
697 1536 867 1579 Grzcciae
899 1535 1084 1590 popufis,
1113 1541 1156 1576 et
1190 1549 1287 1590 rege
1321 1533 1436 1575 Asiae

194 1598 342 1639 Attalo
360 1596 582 1637 amicitiam
604 1594 716 1643 fecit,
735 1600 776 1635 ct
797 1594 847 1634 ad
868 1593 1051 1635 Siciliam
1071 1591 1294 1647 profectus,
1315 1591 1435 1632 Han-

193 1670 342 1696 nonem
365 1653 585 1707 quendam,
611 1651 810 1692 Afrorum
834 1651 994 1699 ducem,
1019 1649 1129 1704 apud
1150 1648 1435 1704 Agrigentum

194 1712 418 1760 civitatem,
454 1725 549 1752 cum
584 1710 673 1763 ipso
709 1708 859 1763 oppido
900 1707 1023 1762 cepit,
1056 1706 1436 1760 euinqueRomam

193 1784 287 1811 cum
304 1768 478 1824 captivis
499 1767 706 1808 nobilibus
728 1766 861 1814 misit3
886 1764 1163 1820 quadraginta
1183 1763 1374 1805 civitates
1393 1762 1438 1804 in

194 1827 446 1868 deditionem
463 1824 634 1878 acecpit,
657 1823 807 1878 viginti
828 1838 900 1864 sex
917 1821 1186 1878 expugnavit.
1225 1821 1306 1869 Ita,
1325 1820 1438 1862 omni

198 1883 335 1925 Sicilia
356 1881 805 1938 rcceptzi,-Macedonia
833 1879 976 1928 fracta,
1006 1894 1101 1920 cum
1124 1878 1287 1933 ingenti
1306 1877 1438 1932 gloria

199 1941 371 1982 Romam
388 1953 597 1994 regressus
614 1944 688 1979 est.
713 1938 774 1992 (A,
796 1949 842 1978 U.
872 1936 992 1991 542.)
1024 1934 1239 1976 Hannibal
1254 1935 1297 1975 in
1315 1934 1438 1976 Italia

197 1997 273 2040 Cn.
310 1997 512 2038 Fulvium
542 1995 752 2036 consulem
783 1993 923 2035 subito
954 2007 1183 2048 aggressus,
1217 2007 1312 2034 cum
1344 1997 1437 2033 octo

195 2055 376 2095 millibus
397 2053 610 2094 hominum
631 2051 851 2093 interfecit.

253 2111 358 2153 XV.
394 2111 562 2151 Interea
603 2110 653 2150 ad
688 2108 925 2163 Hispanias,
963 2108 1048 2157 ubi,
1091 2107 1234 2149 occisis
1275 2106 1437 2148 duobus

198 2168 472 2223 Scipionibus,
503 2166 642 2207 nullus
676 2166 890 2207 Romanus
921 2165 1008 2206 dux
1039 2171 1142 2214 erat,
1183 2165 1245 2220 (A.
1263 2176 1308 2206 U.
1331 2163 1438 2219 541)

196 2227 244 2268 P.
266 2225 484 2268 Cornelius
509 2223 648 2279 Scipio
668 2223 863 2272 mittitur,
896 2223 1005 2264 filius
1036 2223 1087 2263 P.
1115 2221 1332 2277 Scipionis,
1364 2220 1436 2275 qui

196 2283 345 2324 ibidem
386 2282 543 2324 bellum
592 2287 787 2337 gesserat,
841 2295 968 2321 annos
1009 2285 1132 2321 natus
1173 2285 1354 2334 quatuor
1393 2284 1437 2320 et
