1533 2542
154 83 203 120 58
606 81 938 121 EUTROPIUS.

152 190 277 246 periit
307 190 350 231 in
378 193 438 240 ea,
462 191 545 244 qua
574 198 704 246 pater,
728 191 838 240 villa,
861 197 954 246 post
982 191 1209 241 biennium,
1233 207 1394 234 menses

152 254 258 298 octo,
280 247 367 290 dies
386 248 538 304 viginti
564 249 687 302 quam
718 249 943 303 imperator
962 255 1060 290 erat
1090 249 1239 300 factus,
1261 250 1394 292 aetatis

152 320 261 347 anno
300 306 429 347 altero
471 312 513 347 ct
554 307 877 362 quadragesimo.
962 305 1126 348 Tantus
1166 307 1304 349 luctus
1344 322 1392 349 eo

151 370 317 405 mortuo
342 363 534 418 publicus
555 363 650 413 fuit,
672 371 721 404 ut
753 378 894 404 omnes
924 370 1125 417 tanquam
1154 364 1197 405 in
1228 365 1391 420 propria

151 420 359 462 doluerint
389 421 578 462 orbitate.
645 420 835 469 Senatus,
859 421 976 462 obitu
1005 421 1134 475 ipsius
1164 422 1271 463 circa
1300 437 1393 464 ves—

150 493 291 533 peram
311 479 519 527 nuntiato,
541 484 662 519 110010
692 478 844 532 irrupit
870 478 914 518 in
942 478 1111 527 curiam,
1135 485 1176 520 et
1197 486 1334 521 tantas
1355 479 1393 520 ei

151 542 314 577 mortuo
334 535 476 577 laudes
496 535 735 590 gratiasque
760 536 978 590 congessit,
1003 542 1179 589 quantas
1200 551 1276 577 nec
1297 537 1392 579 vivo

150 607 336 645 unquam
352 599 506 648 egerat,
523 607 600 634 neo
620 594 824 648 praesenti.
878 592 997 634 Inter
1012 593 1128 634 divos
1144 593 1299 635 relatus
1315 601 1389 636 est.

209 650 400 691 XXIII.
434 651 741 693 DOMITIANUS
761 666 859 692 mox
879 651 1036 706 accepit
1057 651 1287 706 imperium,
1310 651 1393 694 fra-

149 714 216 749 ter
242 708 370 762 ipsius
394 707 561 762 junior:
598 708 770 757 Neroni,
793 715 866 749 aut
890 708 1105 764 Caligulae,
1128 716 1199 750 aut
1224 709 1392 752 Tiberio

151 765 333 814 similior,
364 767 488 820 quam
520 766 628 821 patri
659 766 726 808 vel
758 765 877 807 fratri
913 781 999 807 suo.
1062 766 1216 807 Primis
1251 774 1391 808 tamen

150 823 269 864 annis
301 824 537 865 moderatus
569 824 613 864 in
640 823 811 877 imperio
845 823 951 872 fuit3
990 838 1088 864 mox
1120 824 1171 864 ad
1207 824 1393 878 ingentia

150 879 253 922 vitia
300 896 538 936 progressus
591 881 785 930 libidinis,
834 881 1068 930 iracundiae,
1119 881 1389 931 crudelitatis,

149 938 343 988 avarItiae,
367 946 533 980 tantum
565 939 607 979 in
641 954 683 980 se
711 937 799 980 ‘odii
830 938 1066 988 concitavit,
1090 944 1138 979 ut
1169 939 1317 981 merita
1347 946 1391 982 et

148 995 278 1050 patris
308 1003 350 1037 et
379 996 518 1037 fratris
543 996 736 1038 abolelet.
800 995 1020 1038 Interfecit
1040 996 1315 1038 nobilissimos
1337 1012 1388 1038 ex

150 1059 322 1094 senatu·
356 1053 574 1107 dominum
583 1069 632 1101 se
634 1054 834 1111 0111011111
849 1053 1012 1111 plimus
1027 1054 1223 1112 appellari
1239 1054 1386 1113 jussit:

148 1109 305 1151 nullam
341 1104 418 1152 01111
453 1112 532 1152 nisi
567 1127 732 1152 auream
773 1117 815 1152 ct
828 1108 1088 1166 *algenteam
1114 1107 1313 1152 'statuam
1345 1112 1389 1152 in

150 1166 357 1222 Capitolio
378 1169 475 1223 poni
495 1184 638 1223 passus
655 1176 738 1209 est.
763 1169 1025 1210 consobrinos
1042 1184 1136 1210 suos
1155 1169 1386 1210 interfecit:

149 1225 341 1279 superbia
356 1241 523 1280 quoque
544 1226 587 1266 in
603 1241 651 1267 eo
667 1226 926 1267 exsecrabilis
941 1226 1034 1267 fuit.
1087 1226 1390 1281 Expeditiones

149 1288 328 1336 quatuor
347 1283 518 1324 habuit:
552 1299 679 1325 unam
707 1284 925 1324 adversum
949 1283 1184 1332 Sarmatas3
1218 1284 1389 1326 alteram

148 1340 366 1381 adversum
397 1340 556 1391 Cattos,
586 1342 686 1382 duas
717 1341 936 1383 adversum
961 1340 1111 1382 Dacos.
1174 1341 1241 1382 De
1263 1341 1390 1383 Dacis

151 1396 370 1452 Cattisque
406 1399 610 1453 «1191100111
647 1398 905 1453 triumphum
945 1398 1057 1454 egit:
1101 1399 1151 1439 de
1189 1398 1390 1441 Sarmatis

148 1455 275 1496 solam
295 1455 477 1496 lauream
498 1457 727 1511 usurpavit.
792 1456 953 1497 Multas
974 1463 1112 1497 tamen
1135 1456 1390 1498 calamitates

146 1511 290 1553 iisdem
310 1513 427 1554 bellis
447 1529 589 1568 passus
611 1520 683 1554 est.
747 1513 860 1554 Nam
881 1513 924 1553 in
949 1512 1152 1555 Sarmatia
1171 1513 1280 1568 legio
1301 1514 1390 1568 ejus

147 1583 242 1610 011111
264 1570 366 1611 duce
387 1570 616 1613 interfecta.
640 1578 681 1612 et
708 1571 732 1611 a
752 1571 880 1611 Dacis
904 1569 1066 1625 Oppius
1091 1570 1269 1613 Sabinus
1291 1586 1388 1612 con-

147 1627 304 1676 sulm-is,
328 1633 371 1669 et
395 1627 613 1669 Cornelius
629 1626 803 1677 Fuscus,
826 1627 1046 1682 praefeotus
1066 1628 1270 1683 praetorio,
1294 1643 1388 1670 cum

146 1685 306 1740 magnis
324 1685 572 1726 exercitibus
589 1686 710 1727 occisi
732 1693 840 1726 sunt.
904 1685 1049 1726 Romae
1067 1700 1235 1740 quoque
1247 1686 1389 1737 ,multa

147 1756 269 1796 opera
301 1741 427 1783 fecit:
461 1743 505 1783 in
538 1743 599 1784 his
630 1742 896 1797 Capitolium,
931 1748 973 1783 et
1001 1743 1161 1784 Forum
1193 1743 1389 1785 transito-

145 1799 266 1848 rium,
301 1798 477 1849 Odeum,
511 1800 716 1841 Divorum
739 1800 945 1849 Porticus,
968 1800 1122 1850 Iseum,
1148 1802 1386 1855 Serapeum,

146 1871 193 1897 ac
213 1855 414 1898 Stadium.
479 1858 641 1899 Verum
659 1858 753 1898 cum
775 1858 826 1898 ob
843 1858 996 1899 scelera
1016 1857 1219 1899 universis
1240 1873 1388 1899 exosus

146 1928 233 1954 esse
255 1914 454 1968 coepisset,
477 1914 585 1956 111101
590 1915 721 1955 fectus
752 1921 815 1956 est
845 1929 1014 1955 suorum
1041 1915 1324 1969 conjuratione
1344 1915 1386 1955 in

144 1970 303 2036 palatio
319 1972 380 2025 (P
397 1982 433 2012 0.
451 1984 495 2011 N.
516 1971 602 2026 96),
622 1987 729 2013 anno
746 1972 878 2012 aetatis
895 1971 1208 2026 quadragesimo
1225 1972 1386 2026 quinto,

144 2027 308 2082 imperii
347 2028 494 2078 quinto
535 2029 705 2070 decimo.
774 2028 923 2069 Funus
963 2029 1052 2083 ejus
1092 2043 1186 2070 oum
1226 2029 1388 2084 ingenti

144 2084 341 2129 dedecore
377 2101 449 2139 per
483 2086 731 2143 vespillones
765 2092 1042 2141 exportatum,
1075 2092 1117 2128 et
1149 2085 1388 2142 ignobiliter

144 2150 206 2186 est
226 2144 450 2200 sepultum.
