<?xml version="1.0" encoding="UTF-8"?>
<!DOCTYPE html PUBLIC "-//W3C//DTD XHTML 1.0 Transitional//EN"
    "http://www.w3.org/TR/xhtml1/DTD/xhtml1-transitional.dtd">
<html xmlns="http://www.w3.org/1999/xhtml" xml:lang="en" lang="en">
 <head>
  <title>
</title>
<meta http-equiv="Content-Type" content="text/html;charset=utf-8" />
  <meta name='ocr-system' content='tesseract 3.04.00' />
  <meta name='ocr-capabilities' content='ocr_page ocr_carea ocr_par ocr_line ocrx_word'/>
</head>
<body>
  <div class='ocr_page' id='page_1' title='image "./historiaehistory00taciuoft_0056.png"; bbox 0 0 1533 2542; ppageno 0'>
   <div class='ocr_carea' id='block_1_1' title="bbox 146 119 943 158">
    <p class='ocr_par' dir='ltr' id='par_1_1' title="bbox 146 119 943 158">
     <span class='ocr_line' id='line_1_1' title="bbox 146 119 943 158; baseline -0.001 0"><span class='ocrx_word' id='word_1_1' title='bbox 146 123 196 158; x_wconf 86' lang='lat'>46</span> <span class='ocrx_word' id='word_1_2' title='bbox 614 119 943 158; x_wconf 77' lang='lat' dir='ltr'>EUTROPIUS.</span> 
     </span>
    </p>
   </div>
   <div class='ocr_carea' id='block_1_2' title="bbox 145 227 1402 570">
    <p class='ocr_par' dir='ltr' id='par_1_2' title="bbox 145 227 1401 343">
     <span class='ocr_line' id='line_1_2' title="bbox 145 227 1401 286; baseline 0 -15"><span class='ocrx_word' id='word_1_3' title='bbox 145 230 324 286; x_wconf 86' lang='lat' dir='ltr'>perditas</span> <span class='ocrx_word' id='word_1_4' title='bbox 356 244 418 271; x_wconf 86' lang='lat' dir='ltr'>res</span> <span class='ocrx_word' id='word_1_5' title='bbox 440 230 559 271; x_wconf 67' lang='lat' dir='ltr'>tauta</span> <span class='ocrx_word' id='word_1_6' title='bbox 579 229 734 271; x_wconf 85' lang='lat' dir='ltr'>virtute</span> <span class='ocrx_word' id='word_1_7' title='bbox 765 228 960 278; x_wconf 74' lang='lat' dir='ltr'><strong>restituit,</strong></span> <span class='ocrx_word' id='word_1_8' title='bbox 983 234 1032 270; x_wconf 92' lang='lat' dir='ltr'>ut</span> <span class='ocrx_word' id='word_1_9' title='bbox 1053 227 1216 278; x_wconf 84' lang='lat' dir='ltr'>Persas,</span> <span class='ocrx_word' id='word_1_10' title='bbox 1239 227 1401 271; x_wconf 83' lang='lat' dir='ltr'>rediens</span> 
     </span>
     <span class='ocr_line' id='line_1_3' title="bbox 146 287 1124 343; baseline -0.003 -14"><span class='ocrx_word' id='word_1_11' title='bbox 146 296 260 329; x_wconf 87' lang='lat' dir='ltr'>trans</span> <span class='ocrx_word' id='word_1_12' title='bbox 282 287 553 343; x_wconf 80' lang='lat' dir='ltr'>Euphratem,</span> <span class='ocrx_word' id='word_1_13' title='bbox 578 287 731 328; x_wconf 81' lang='lat' dir='ltr'>crebris</span> <span class='ocrx_word' id='word_1_14' title='bbox 752 287 906 341; x_wconf 85' lang='lat' dir='ltr'>proeliis</span> <span class='ocrx_word' id='word_1_15' title='bbox 926 287 1124 328; x_wconf 84' lang='lat' dir='ltr'>vinceret.</span> 
     </span>
    </p>

    <p class='ocr_par' dir='ltr' id='par_1_3' title="bbox 146 343 1402 570">
     <span class='ocr_line' id='line_1_4' title="bbox 195 343 1401 399; baseline -0.001 -12"><span class='ocrx_word' id='word_1_16' title='bbox 195 345 334 387; x_wconf 92' lang='lat' dir='ltr'>XIX.</span> <span class='ocrx_word' id='word_1_17' title='bbox 361 345 474 386; x_wconf 88' lang='lat' dir='ltr'>Hinc</span> <span class='ocrx_word' id='word_1_18' title='bbox 482 346 571 399; x_wconf 87' lang='lat' dir='ltr'>jam</span> <span class='ocrx_word' id='word_1_19' title='bbox 584 344 738 386; x_wconf 86' lang='lat' dir='ltr'>bellum</span> <span class='ocrx_word' id='word_1_20' title='bbox 749 344 869 385; x_wconf 82' lang='lat' dir='ltr'>civile</span> <span class='ocrx_word' id='word_1_21' title='bbox 883 343 1091 392; x_wconf 86' lang='lat' dir='ltr'>successit,</span> <span class='ocrx_word' id='word_1_22' title='bbox 1103 343 1401 386; x_wconf 86' lang='lat' dir='ltr'>exsecrandum</span> 
     </span>
     <span class='ocr_line' id='line_1_5' title="bbox 146 401 1400 458; baseline -0.002 -14"><span class='ocrx_word' id='word_1_23' title='bbox 146 409 188 445; x_wconf 92' lang='lat' dir='ltr'>et</span> <span class='ocrx_word' id='word_1_24' title='bbox 209 403 486 458; x_wconf 79' lang='lat' dir='ltr'>lacrymabile,</span> <span class='ocrx_word' id='word_1_25' title='bbox 503 417 599 456; x_wconf 88' lang='lat' dir='ltr'>quo,</span> <span class='ocrx_word' id='word_1_26' title='bbox 618 408 766 456; x_wconf 87' lang='lat' dir='ltr'>praetcr</span> <span class='ocrx_word' id='word_1_27' title='bbox 783 401 1049 450; x_wconf 79' lang='lat' dir='ltr'>calamitates,</span> <span class='ocrx_word' id='word_1_28' title='bbox 1073 415 1165 454; x_wconf 88' lang='lat' dir='ltr'>quae</span> <span class='ocrx_word' id='word_1_29' title='bbox 1186 401 1230 442; x_wconf 90' lang='lat' dir='ltr'>in</span> <span class='ocrx_word' id='word_1_30' title='bbox 1245 401 1400 457; x_wconf 88' lang='lat' dir='ltr'>proeliis</span> 
     </span>
     <span class='ocr_line' id='line_1_6' title="bbox 146 458 1400 514; baseline -0.002 -12"><span class='ocrx_word' id='word_1_31' title='bbox 146 461 397 507; x_wconf 81' lang='lat' dir='ltr'>acciderunt,</span> <span class='ocrx_word' id='word_1_32' title='bbox 422 460 547 501; x_wconf 89' lang='lat' dir='ltr'>etiam</span> <span class='ocrx_word' id='word_1_33' title='bbox 569 459 721 514; x_wconf 88' lang='lat' dir='ltr'>Populi</span> <span class='ocrx_word' id='word_1_34' title='bbox 754 458 934 499; x_wconf 85' lang='lat' dir='ltr'>Romani</span> <span class='ocrx_word' id='word_1_35' title='bbox 953 458 1123 500; x_wconf 89' lang='lat' dir='ltr'>fortuna</span> <span class='ocrx_word' id='word_1_36' title='bbox 1143 464 1304 500; x_wconf 85' lang='lat' dir='ltr'>mutata</span> <span class='ocrx_word' id='word_1_37' title='bbox 1325 466 1400 501; x_wconf 63' lang='lat' dir='ltr'>est„</span> 
     </span>
     <span class='ocr_line' id='line_1_7' title="bbox 149 515 1402 570; baseline -0.001 -10"><span class='ocrx_word' id='word_1_38' title='bbox 149 517 290 560; x_wconf 84' lang='lat' dir='ltr'>Caesar</span> <span class='ocrx_word' id='word_1_39' title='bbox 321 517 443 566; x_wconf 87' lang='lat' dir='ltr'>enim,</span> <span class='ocrx_word' id='word_1_40' title='bbox 477 516 637 557; x_wconf 86' lang='lat' dir='ltr'>rediens</span> <span class='ocrx_word' id='word_1_41' title='bbox 668 531 720 557; x_wconf 85' lang='lat' dir='ltr'>ex</span> <span class='ocrx_word' id='word_1_42' title='bbox 753 515 891 558; x_wconf 69' lang='lat' dir='ltr'>Gallia</span> <span class='ocrx_word' id='word_1_43' title='bbox 922 515 1067 564; x_wconf 91' lang='lat' dir='ltr'>victor,</span> <span class='ocrx_word' id='word_1_44' title='bbox 1090 515 1214 570; x_wconf 87' lang='lat' dir='ltr'>coepit</span> <span class='ocrx_word' id='word_1_45' title='bbox 1234 530 1402 570; x_wconf 73' lang='lat' dir='ltr'>poscere·</span> 
     </span>
    </p>
   </div>
   <div class='ocr_carea' id='block_1_3' title="bbox 146 573 1460 628">
    <p class='ocr_par' dir='ltr' id='par_1_4' title="bbox 146 573 1460 628">
     <span class='ocr_line' id='line_1_8' title="bbox 146 573 1460 628; baseline -0.001 -12"><span class='ocrx_word' id='word_1_46' title='bbox 146 576 324 616; x_wconf 89' lang='lat' dir='ltr'>alterum</span> <span class='ocrx_word' id='word_1_47' title='bbox 355 574 630 622; x_wconf 86' lang='lat' dir='ltr'>consulatum,</span> <span class='ocrx_word' id='word_1_48' title='bbox 665 581 792 628; x_wconf 88' lang='lat' dir='ltr'>atque</span> <span class='ocrx_word' id='word_1_49' title='bbox 823 574 893 622; x_wconf 87' lang='lat' dir='ltr'>ita,</span> <span class='ocrx_word' id='word_1_50' title='bbox 927 579 975 614; x_wconf 86' lang='lat' dir='ltr'>ut</span> <span class='ocrx_word' id='word_1_51' title='bbox 1006 573 1093 614; x_wconf 89' lang='lat' dir='ltr'>sine</span> <span class='ocrx_word' id='word_1_52' title='bbox 1124 573 1337 615; x_wconf 81' lang='lat' dir='ltr'>dubietate</span> <span class='ocrx_word' id='word_1_53' title='bbox 1365 573 1403 615; x_wconf 91' lang='lat' dir='ltr'>ei</span> <span class='ocrx_word' id='word_1_54' title='bbox 1458 579 1460 582; x_wconf 82' lang='grc'><strong>’</strong></span> 
     </span>
    </p>
   </div>
   <div class='ocr_carea' id='block_1_4' title="bbox 40 629 1436 2348">
    <p class='ocr_par' dir='ltr' id='par_1_5' title="bbox 40 629 1403 1190">
     <span class='ocr_line' id='line_1_9' title="bbox 146 629 1402 686; baseline 0 -14"><span class='ocrx_word' id='word_1_55' title='bbox 146 632 286 686; x_wconf 68' lang='lat' dir='ltr'>aliqua</span> <span class='ocrx_word' id='word_1_56' title='bbox 306 631 547 673; x_wconf 85' lang='lat' dir='ltr'>deferretur.</span> <span class='ocrx_word' id='word_1_57' title='bbox 611 630 930 673; x_wconf 86' lang='lat' dir='ltr'>Contradictum</span> <span class='ocrx_word' id='word_1_58' title='bbox 951 636 1013 672; x_wconf 90' lang='lat' dir='ltr'>est</span> <span class='ocrx_word' id='word_1_59' title='bbox 1034 631 1058 671; x_wconf 75' lang='lat' dir='ltr'>a</span> <span class='ocrx_word' id='word_1_60' title='bbox 1080 629 1283 673; x_wconf 88' lang='lat' dir='ltr'>Marcello</span> <span class='ocrx_word' id='word_1_61' title='bbox 1304 645 1402 673; x_wconf 86' lang='lat' dir='ltr'>eon-</span> 
     </span>
     <span class='ocr_line' id='line_1_10' title="bbox 147 687 1403 744; baseline 0 -14"><span class='ocrx_word' id='word_1_62' title='bbox 147 689 248 738; x_wconf 89' lang='lat' dir='ltr'>sule,</span> <span class='ocrx_word' id='word_1_63' title='bbox 264 690 288 729; x_wconf 75' lang='lat' dir='ltr'>a</span> <span class='ocrx_word' id='word_1_64' title='bbox 301 689 468 737; x_wconf 83' lang='lat' dir='ltr'>Bibulo,</span> <span class='ocrx_word' id='word_1_65' title='bbox 485 690 507 729; x_wconf 72' lang='lat' dir='ltr'>a</span> <span class='ocrx_word' id='word_1_66' title='bbox 521 688 736 743; x_wconf 86' lang='lat' dir='ltr'>Pompeio,</span> <span class='ocrx_word' id='word_1_67' title='bbox 751 689 775 729; x_wconf 76' lang='lat' dir='ltr'>a</span> <span class='ocrx_word' id='word_1_68' title='bbox 797 687 972 738; x_wconf 88' lang='lat' dir='ltr'>Catone,</span> <span class='ocrx_word' id='word_1_69' title='bbox 987 688 1050 744; x_wconf 84' lang='lat' dir='ltr'>(A.</span> <span class='ocrx_word' id='word_1_70' title='bbox 1065 700 1110 729; x_wconf 87' lang='lat' dir='ltr'>U.</span> <span class='ocrx_word' id='word_1_71' title='bbox 1127 689 1231 743; x_wconf 88' lang='grc'>703)</span> <span class='ocrx_word' id='word_1_72' title='bbox 1241 689 1403 742; x_wconf 87' lang='lat' dir='ltr'>jussus-</span> 
     </span>
     <span class='ocr_line' id='line_1_11' title="bbox 147 745 1403 802; baseline 0 -14"><span class='ocrx_word' id='word_1_73' title='bbox 147 762 231 802; x_wconf 88' lang='lat' dir='ltr'>que</span> <span class='ocrx_word' id='word_1_74' title='bbox 263 746 439 788; x_wconf 75' lang='lat' dir='ltr'>dimissis</span> <span class='ocrx_word' id='word_1_75' title='bbox 472 746 723 788; x_wconf 79' lang='lat' dir='ltr'>exercitibus</span> <span class='ocrx_word' id='word_1_76' title='bbox 760 747 811 787; x_wconf 83' lang='lat' dir='ltr'>ad</span> <span class='ocrx_word' id='word_1_77' title='bbox 840 748 986 787; x_wconf 90' lang='lat' dir='ltr'>urbem</span> <span class='ocrx_word' id='word_1_78' title='bbox 1019 745 1161 787; x_wconf 85' lang='lat' dir='ltr'>redire.</span> <span class='ocrx_word' id='word_1_79' title='bbox 1223 746 1403 801; x_wconf 83' lang='lat' dir='ltr'>Propter</span> 
     </span>
     <span class='ocr_line' id='line_1_12' title="bbox 147 803 1403 859; baseline 0 -14"><span class='ocrx_word' id='word_1_80' title='bbox 147 820 273 859; x_wconf 83' lang='lat' dir='ltr'>quam</span> <span class='ocrx_word' id='word_1_81' title='bbox 305 804 498 858; x_wconf 84' lang='lat' dir='ltr'>injuriam</span> <span class='ocrx_word' id='word_1_82' title='bbox 526 806 577 845; x_wconf 89' lang='lat' dir='ltr'>ab</span> <span class='ocrx_word' id='word_1_83' title='bbox 608 803 814 853; x_wconf 82' lang='lat' dir='ltr'>Arimino,</span> <span class='ocrx_word' id='word_1_84' title='bbox 848 804 921 845; x_wconf 92' lang='lat' dir='ltr'>ubi</span> <span class='ocrx_word' id='word_1_85' title='bbox 947 803 1101 844; x_wconf 82' lang='lat' dir='ltr'>milites</span> <span class='ocrx_word' id='word_1_86' title='bbox 1131 810 1403 858; x_wconf 82' lang='lat' dir='ltr'>congregatos</span> 
     </span>
     <span class='ocr_line' id='line_1_13' title="bbox 147 860 1402 917; baseline -0.001 -14"><span class='ocrx_word' id='word_1_87' title='bbox 147 862 339 910; x_wconf 87' lang='lat' dir='ltr'>habebat,</span> <span class='ocrx_word' id='word_1_88' title='bbox 363 862 581 903; x_wconf 76' lang='lat' dir='ltr'>adversum</span> <span class='ocrx_word' id='word_1_89' title='bbox 602 861 777 917; x_wconf 87' lang='lat' dir='ltr'>patriam</span> <span class='ocrx_word' id='word_1_90' title='bbox 798 876 892 902; x_wconf 90' lang='lat' dir='ltr'>cum</span> <span class='ocrx_word' id='word_1_91' title='bbox 914 861 1099 902; x_wconf 83' lang='lat' dir='ltr'>exercitu</span> <span class='ocrx_word' id='word_1_92' title='bbox 1114 861 1240 902; x_wconf 81' lang='lat' dir='ltr'>venit.</span> <span class='ocrx_word' id='word_1_93' title='bbox 1289 860 1402 903; x_wconf 87' lang='lat' dir='ltr'>Con-</span> 
     </span>
     <span class='ocr_line' id='line_1_14' title="bbox 148 918 1401 974; baseline 0 -14"><span class='ocrx_word' id='word_1_94' title='bbox 148 920 257 960; x_wconf 89' lang='lat' dir='ltr'>sules</span> <span class='ocrx_word' id='word_1_95' title='bbox 285 934 380 960; x_wconf 89' lang='lat' dir='ltr'>cum</span> <span class='ocrx_word' id='word_1_96' title='bbox 397 919 610 974; x_wconf 88' lang='lat' dir='ltr'>Pompeio,</span> <span class='ocrx_word' id='word_1_97' title='bbox 634 926 885 974; x_wconf 80' lang='lat' dir='ltr'>senatusque</span> <span class='ocrx_word' id='word_1_98' title='bbox 906 918 1038 960; x_wconf 89' lang='lat' dir='ltr'>omnis</span> <span class='ocrx_word' id='word_1_99' title='bbox 1059 926 1188 973; x_wconf 87' lang='lat' dir='ltr'>atque</span> <span class='ocrx_word' id='word_1_100' title='bbox 1209 918 1401 960; x_wconf 80' lang='lat' dir='ltr'>universa</span> 
     </span>
     <span class='ocr_line' id='line_1_15' title="bbox 147 976 1402 1032; baseline 0 -14"><span class='ocrx_word' id='word_1_101' title='bbox 147 977 341 1019; x_wconf 80' lang='lat' dir='ltr'>nobilitas</span> <span class='ocrx_word' id='word_1_102' title='bbox 363 993 413 1018; x_wconf 86' lang='lat' dir='ltr'>ex</span> <span class='ocrx_word' id='word_1_103' title='bbox 434 977 538 1018; x_wconf 85' lang='lat' dir='ltr'>urbe</span> <span class='ocrx_word' id='word_1_104' title='bbox 558 977 679 1032; x_wconf 80' lang='lat' dir='ltr'>fugit,</span> <span class='ocrx_word' id='word_1_105' title='bbox 702 984 744 1018; x_wconf 87' lang='lat' dir='ltr'>et</span> <span class='ocrx_word' id='word_1_106' title='bbox 774 977 817 1018; x_wconf 91' lang='lat' dir='ltr'>in</span> <span class='ocrx_word' id='word_1_107' title='bbox 840 976 1045 1020; x_wconf 85' lang='lat' dir='ltr'>Graeciam</span> <span class='ocrx_word' id='word_1_108' title='bbox 1064 976 1252 1025; x_wconf 85' lang='lat' dir='ltr'>transiit3</span> <span class='ocrx_word' id='word_1_109' title='bbox 1291 976 1402 1032; x_wconf 83' lang='lat' dir='ltr'>apud</span> 
     </span>
     <span class='ocr_line' id='line_1_16' title="bbox 148 1034 1402 1100; baseline 0 -24"><span class='ocrx_word' id='word_1_110' title='bbox 148 1035 340 1097; x_wconf 83' lang='lat' dir='ltr'>Epirum,</span> <span class='ocrx_word' id='word_1_111' title='bbox 372 1035 674 1084; x_wconf 73' lang='lat' dir='ltr'>Macedoniam,</span> <span class='ocrx_word' id='word_1_112' title='bbox 709 1034 926 1084; x_wconf 85' lang='lat' dir='ltr'>Achaiam,</span> <span class='ocrx_word' id='word_1_113' title='bbox 957 1034 1160 1100; x_wconf 77' lang='lat' dir='ltr'>Pompeio</span> <span class='ocrx_word' id='word_1_114' title='bbox 1189 1034 1308 1083; x_wconf 85' lang='lat' dir='ltr'>duce,</span> <span class='ocrx_word' id='word_1_115' title='bbox 1338 1049 1402 1076; x_wconf 83' lang='lat' dir='ltr'>se·-</span> 
     </span>
     <span class='ocr_line' id='line_1_17' title="bbox 40 1092 1037 1190; baseline 0 -57"><span class='ocrx_word' id='word_1_116' title='bbox 40 1098 272 1190; x_wconf 50' lang='lat' dir='ltr'>&#39;‘snatus</span> <span class='ocrx_word' id='word_1_117' title='bbox 294 1099 438 1134; x_wconf 85' lang='lat' dir='ltr'>contra</span> <span class='ocrx_word' id='word_1_118' title='bbox 461 1092 664 1135; x_wconf 77' lang='lat' dir='ltr'>Caesarem</span> <span class='ocrx_word' id='word_1_119' title='bbox 688 1092 843 1133; x_wconf 89' lang='lat' dir='ltr'>bellum</span> <span class='ocrx_word' id='word_1_120' title='bbox 864 1092 1037 1147; x_wconf 78' lang='lat' dir='ltr'>palavit.</span> 
     </span>
    </p>

    <p class='ocr_par' dir='ltr' id='par_1_6' title="bbox 126 1149 1436 2182">
     <span class='ocr_line' id='line_1_18' title="bbox 210 1149 1399 1205; baseline 0.001 -15"><span class='ocrx_word' id='word_1_121' title='bbox 210 1150 321 1190; x_wconf 93' lang='lat' dir='ltr'>XX.</span> <span class='ocrx_word' id='word_1_122' title='bbox 356 1151 418 1205; x_wconf 84' lang='lat' dir='ltr'>(A.</span> <span class='ocrx_word' id='word_1_123' title='bbox 436 1162 478 1191; x_wconf 79' lang='lat' dir='ltr'>U.</span> <span class='ocrx_word' id='word_1_124' title='bbox 497 1154 591 1192; x_wconf 84' lang='lat'>704.</span> <span class='ocrx_word' id='word_1_125' title='bbox 601 1151 613 1201; x_wconf 93' lang='lat'><em>)</em></span> <span class='ocrx_word' id='word_1_126' title='bbox 638 1149 791 1200; x_wconf 84' lang='lat' dir='ltr'>Caesar,</span> <span class='ocrx_word' id='word_1_127' title='bbox 811 1165 984 1192; x_wconf 79' lang='lat' dir='ltr'>vacuam</span> <span class='ocrx_word' id='word_1_128' title='bbox 1006 1149 1184 1192; x_wconf 87' lang='lat' dir='ltr'>urbem</span> <span class='ocrx_word' id='word_1_129' title='bbox 1173 1163 1399 1205; x_wconf 80' lang='lat' dir='ltr'>ingressus,</span> 
     </span>
     <span class='ocr_line' id='line_1_19' title="bbox 150 1206 1436 1263; baseline 0 -15"><span class='ocrx_word' id='word_1_130' title='bbox 150 1207 397 1249; x_wconf 86' lang='lat' dir='ltr'>dictatorem</span> <span class='ocrx_word' id='word_1_131' title='bbox 438 1222 481 1248; x_wconf 88' lang='lat' dir='ltr'>se</span> <span class='ocrx_word' id='word_1_132' title='bbox 522 1208 633 1249; x_wconf 83' lang='lat' dir='ltr'>fecit.</span> <span class='ocrx_word' id='word_1_133' title='bbox 708 1207 814 1249; x_wconf 87' lang='lat' dir='ltr'>Inde</span> <span class='ocrx_word' id='word_1_134' title='bbox 858 1208 1084 1263; x_wconf 87' lang='lat' dir='ltr'>Hispanias</span> <span class='ocrx_word' id='word_1_135' title='bbox 1119 1207 1255 1262; x_wconf 88' lang='lat' dir='ltr'>petiit.</span> <span class='ocrx_word' id='word_1_136' title='bbox 1331 1206 1436 1260; x_wconf 34' lang='lat' dir='ltr'>Ibi„-</span> 
     </span>
     <span class='ocr_line' id='line_1_20' title="bbox 151 1265 1397 1320; baseline 0 -14"><span class='ocrx_word' id='word_1_137' title='bbox 151 1265 343 1320; x_wconf 83' lang='lat' dir='ltr'>Pompeii</span> <span class='ocrx_word' id='word_1_138' title='bbox 385 1265 593 1307; x_wconf 80' lang='lat' dir='ltr'>exercitus</span> <span class='ocrx_word' id='word_1_139' title='bbox 633 1265 905 1307; x_wconf 85' lang='lat' dir='ltr'>validissimos</span> <span class='ocrx_word' id='word_1_140' title='bbox 941 1275 983 1306; x_wconf 89' lang='lat' dir='ltr'>et</span> <span class='ocrx_word' id='word_1_141' title='bbox 1018 1265 1266 1307; x_wconf 84' lang='lat' dir='ltr'>fortissimos</span> <span class='ocrx_word' id='word_1_142' title='bbox 1304 1278 1397 1306; x_wconf 85' lang='lat' dir='ltr'>cum</span> 
     </span>
     <span class='ocr_line' id='line_1_21' title="bbox 150 1322 1411 1372; baseline -0.001 -8"><span class='ocrx_word' id='word_1_143' title='bbox 150 1323 283 1364; x_wconf 88' lang='lat' dir='ltr'>tribus</span> <span class='ocrx_word' id='word_1_144' title='bbox 300 1323 488 1372; x_wconf 86' lang='lat' dir='ltr'>ducibus,</span> <span class='ocrx_word' id='word_1_145' title='bbox 512 1323 564 1363; x_wconf 93' lang='lat' dir='ltr'>L.</span> <span class='ocrx_word' id='word_1_146' title='bbox 589 1323 781 1372; x_wconf 85' lang='lat' dir='ltr'>Afranio,</span> <span class='ocrx_word' id='word_1_147' title='bbox 806 1323 870 1363; x_wconf 83' lang='lat' dir='ltr'>M.</span> <span class='ocrx_word' id='word_1_148' title='bbox 894 1322 1078 1372; x_wconf 87' lang='lat' dir='ltr'>Petreio,</span> <span class='ocrx_word' id='word_1_149' title='bbox 1102 1322 1165 1364; x_wconf 90' lang='lat' dir='ltr'>M.</span> <span class='ocrx_word' id='word_1_150' title='bbox 1192 1322 1411 1371; x_wconf 55' lang='lat' dir='ltr'>Van-one,</span> 
     </span>
     <span class='ocr_line' id='line_1_22' title="bbox 151 1379 1405 1436; baseline 0 -15"><span class='ocrx_word' id='word_1_151' title='bbox 151 1381 373 1435; x_wconf 70' lang='lat' dir='ltr'>superavit.</span> <span class='ocrx_word' id='word_1_152' title='bbox 438 1381 544 1422; x_wconf 83' lang='lat' dir='ltr'>Inde</span> <span class='ocrx_word' id='word_1_153' title='bbox 565 1396 788 1436; x_wconf 83' lang='lat' dir='ltr'>regressus,</span> <span class='ocrx_word' id='word_1_154' title='bbox 811 1381 855 1421; x_wconf 91' lang='lat' dir='ltr'>in</span> <span class='ocrx_word' id='word_1_155' title='bbox 879 1380 1085 1423; x_wconf 79' lang='lat' dir='ltr'>Graeoiam</span> <span class='ocrx_word' id='word_1_156' title='bbox 1115 1380 1295 1429; x_wconf 86' lang='lat' dir='ltr'>transiit,</span> <span class='ocrx_word' id='word_1_157' title='bbox 1326 1379 1405 1421; x_wconf 79' lang='lat' dir='ltr'>ad·</span> 
     </span>
     <span class='ocr_line' id='line_1_23' title="bbox 151 1438 1398 1493; baseline -0.001 -14"><span class='ocrx_word' id='word_1_158' title='bbox 151 1440 316 1479; x_wconf 78' lang='lat' dir='ltr'>versum</span> <span class='ocrx_word' id='word_1_159' title='bbox 350 1439 598 1493; x_wconf 85' lang='lat' dir='ltr'>Pompeium</span> <span class='ocrx_word' id='word_1_160' title='bbox 631 1438 854 1483; x_wconf 81' lang='lat' dir='ltr'>dimicavit.</span> <span class='ocrx_word' id='word_1_161' title='bbox 918 1439 1064 1480; x_wconf 87' lang='lat' dir='ltr'>Primo</span> <span class='ocrx_word' id='word_1_162' title='bbox 1094 1438 1245 1493; x_wconf 75' lang='lat' dir='ltr'>proelio·</span> <span class='ocrx_word' id='word_1_163' title='bbox 1259 1438 1398 1480; x_wconf 58' lang='lat' dir='ltr'>vietus</span> 
     </span>
     <span class='ocr_line' id='line_1_24' title="bbox 151 1495 1397 1551; baseline -0.001 -14"><span class='ocrx_word' id='word_1_164' title='bbox 151 1503 213 1537; x_wconf 91' lang='lat' dir='ltr'>est</span> <span class='ocrx_word' id='word_1_165' title='bbox 234 1503 276 1537; x_wconf 90' lang='lat' dir='ltr'>et</span> <span class='ocrx_word' id='word_1_166' title='bbox 292 1495 488 1551; x_wconf 79' lang='lat' dir='ltr'>fuoatus;</span> <span class='ocrx_word' id='word_1_167' title='bbox 524 1511 574 1536; x_wconf 80' lang='lat' dir='ltr'>ev</span> <span class='ocrx_word' id='word_1_168' title='bbox 576 1497 653 1537; x_wconf 87' lang='lat' dir='ltr'>asit</span> <span class='ocrx_word' id='word_1_169' title='bbox 670 1504 824 1545; x_wconf 77' lang='lat' dir='ltr'>tamen,</span> <span class='ocrx_word' id='word_1_170' title='bbox 844 1496 943 1550; x_wconf 85' lang='lat' dir='ltr'>quia</span> <span class='ocrx_word' id='word_1_171' title='bbox 957 1502 1079 1537; x_wconf 89' lang='lat' dir='ltr'>nocte</span> <span class='ocrx_word' id='word_1_172' title='bbox 1095 1495 1397 1537; x_wconf 85' lang='lat' dir='ltr'>interveniente</span> 
     </span>
     <span class='ocr_line' id='line_1_25' title="bbox 151 1542 1395 1622; baseline -0.002 -27"><span class='ocrx_word' id='word_1_173' title='bbox 151 1553 378 1608; x_wconf 87' lang='lat' dir='ltr'>Pompeius</span> <span class='ocrx_word' id='word_1_174' title='bbox 393 1542 509 1607; x_wconf 86' lang='lat' dir='ltr'>sequi</span> <span class='ocrx_word' id='word_1_175' title='bbox 523 1554 914 1622; x_wconf 65' lang='lat' dir='ltr'>noluit3dn1tque</span> <span class='ocrx_word' id='word_1_176' title='bbox 905 1553 957 1595; x_wconf 87' lang='lat' dir='ltr'>C</span> <span class='ocrx_word' id='word_1_177' title='bbox 936 1568 1073 1611; x_wconf 75' lang='lat' dir='ltr'>⁰esar,</span> <span class='ocrx_word' id='word_1_178' title='bbox 1075 1569 1145 1601; x_wconf 73' lang='lat' dir='ltr'>nec</span> <span class='ocrx_word' id='word_1_179' title='bbox 1113 1554 1395 1609; x_wconf 44' lang='grc' dir='ltr'>μὴΡοηιιυείῑῳη</span> 
     </span>
     <span class='ocr_line' id='line_1_26' title="bbox 152 1604 1394 1667; baseline 0 -16"><span class='ocrx_word' id='word_1_180' title='bbox 152 1614 252 1651; x_wconf 82' lang='lat' dir='ltr'>scire</span> <span class='ocrx_word' id='word_1_181' title='bbox 287 1614 452 1660; x_wconf 68' lang='lat' dir='ltr'>vincere,</span> <span class='ocrx_word' id='word_1_182' title='bbox 492 1619 529 1651; x_wconf 75' lang='lat' dir='ltr'>et</span> <span class='ocrx_word' id='word_1_183' title='bbox 560 1613 625 1651; x_wconf 80' lang='lat' dir='ltr'>illo</span> <span class='ocrx_word' id='word_1_184' title='bbox 656 1611 810 1652; x_wconf 75' lang='grc' dir='ltr'>ΐαητῑὶνη</span> <span class='ocrx_word' id='word_1_185' title='bbox 840 1604 907 1651; x_wconf 78' lang='lat' dir='ltr'>die</span> <span class='ocrx_word' id='word_1_186' title='bbox 935 1627 974 1651; x_wconf 80' lang='lat' dir='ltr'>se</span> <span class='ocrx_word' id='word_1_187' title='bbox 997 1614 1177 1667; x_wconf 77' lang='lat' dir='ltr'>potuisse</span> <span class='ocrx_word' id='word_1_188' title='bbox 1197 1613 1394 1666; x_wconf 77' lang='lat' dir='ltr'>superari.</span> 
     </span>
     <span class='ocr_line' id='line_1_27' title="bbox 151 1667 1396 1734; baseline -0.001 -25"><span class='ocrx_word' id='word_1_189' title='bbox 151 1668 315 1709; x_wconf 84' lang='lat' dir='ltr'>Deinde</span> <span class='ocrx_word' id='word_1_190' title='bbox 356 1669 398 1709; x_wconf 91' lang='lat' dir='ltr'>in</span> <span class='ocrx_word' id='word_1_191' title='bbox 442 1668 652 1709; x_wconf 86' lang='lat' dir='ltr'>Thessalia</span> <span class='ocrx_word' id='word_1_192' title='bbox 704 1668 814 1723; x_wconf 82' lang='lat' dir='ltr'>apud</span> <span class='ocrx_word' id='word_1_193' title='bbox 855 1667 1247 1734; x_wconf 82' lang='lat' dir='ltr'>Palaeopharsalum,</span> <span class='ocrx_word' id='word_1_194' title='bbox 1302 1682 1396 1722; x_wconf 81' lang='lat' dir='ltr'>pio-</span> 
     </span>
     <span class='ocr_line' id='line_1_28' title="bbox 151 1726 1394 1780; baseline 0 -14"><span class='ocrx_word' id='word_1_195' title='bbox 151 1726 287 1767; x_wconf 86' lang='lat' dir='ltr'>ductis</span> <span class='ocrx_word' id='word_1_196' title='bbox 338 1726 551 1780; x_wconf 86' lang='lat' dir='ltr'>utrimque</span> <span class='ocrx_word' id='word_1_197' title='bbox 601 1727 842 1780; x_wconf 74' lang='lat' dir='ltr'>ingentibus</span> <span class='ocrx_word' id='word_1_198' title='bbox 894 1726 1033 1780; x_wconf 88' lang='lat' dir='ltr'>copiis,</span> <span class='ocrx_word' id='word_1_199' title='bbox 1079 1726 1394 1767; x_wconf 80' lang='lat' dir='ltr'>dimicaverunt.</span> 
     </span>
     <span class='ocr_line' id='line_1_29' title="bbox 152 1783 1394 1839; baseline -0.001 -15"><span class='ocrx_word' id='word_1_200' title='bbox 152 1783 342 1838; x_wconf 89' lang='lat' dir='ltr'>Pompeii</span> <span class='ocrx_word' id='word_1_201' title='bbox 373 1784 480 1824; x_wconf 87' lang='lat' dir='ltr'>acies</span> <span class='ocrx_word' id='word_1_202' title='bbox 511 1783 656 1825; x_wconf 87' lang='lat' dir='ltr'>habuit</span> <span class='ocrx_word' id='word_1_203' title='bbox 689 1784 987 1839; x_wconf 83' lang='lat' dir='ltr'>quindraginta</span> <span class='ocrx_word' id='word_1_204' title='bbox 1020 1783 1151 1824; x_wconf 85' lang='lat' dir='ltr'>millia</span> <span class='ocrx_word' id='word_1_205' title='bbox 1191 1783 1394 1838; x_wconf 84' lang='lat' dir='ltr'>peditum,</span> 
     </span>
     <span class='ocr_line' id='line_1_30' title="bbox 151 1840 1396 1895; baseline -0.001 -14"><span class='ocrx_word' id='word_1_206' title='bbox 151 1841 313 1894; x_wconf 84' lang='lat' dir='ltr'>equites</span> <span class='ocrx_word' id='word_1_207' title='bbox 344 1842 386 1881; x_wconf 88' lang='lat' dir='ltr'>in</span> <span class='ocrx_word' id='word_1_208' title='bbox 421 1841 587 1889; x_wconf 82' lang='lat' dir='ltr'>sinistro</span> <span class='ocrx_word' id='word_1_209' title='bbox 619 1856 746 1882; x_wconf 88' lang='lat' dir='ltr'>cornu</span> <span class='ocrx_word' id='word_1_210' title='bbox 772 1848 1002 1890; x_wconf 82' lang='lat' dir='ltr'>sexcentos,</span> <span class='ocrx_word' id='word_1_211' title='bbox 1031 1841 1075 1881; x_wconf 88' lang='lat' dir='ltr'>in</span> <span class='ocrx_word' id='word_1_212' title='bbox 1103 1841 1250 1882; x_wconf 81' lang='lat' dir='ltr'>dextro</span> <span class='ocrx_word' id='word_1_213' title='bbox 1273 1840 1396 1895; x_wconf 90' lang='lat' dir='ltr'>quin-</span> 
     </span>
     <span class='ocr_line' id='line_1_31' title="bbox 126 1898 1396 1953; baseline -0.001 -15"><span class='ocrx_word' id='word_1_214' title='bbox 126 1904 325 1952; x_wconf 63' lang='lat' dir='ltr'>=gent0s3</span> <span class='ocrx_word' id='word_1_215' title='bbox 360 1905 559 1953; x_wconf 77' lang='lat' dir='ltr'>praeterea</span> <span class='ocrx_word' id='word_1_216' title='bbox 580 1899 709 1940; x_wconf 87' lang='lat' dir='ltr'>totius</span> <span class='ocrx_word' id='word_1_217' title='bbox 732 1898 918 1940; x_wconf 85' lang='lat' dir='ltr'>Orientis</span> <span class='ocrx_word' id='word_1_218' title='bbox 949 1898 1116 1947; x_wconf 87' lang='lat' dir='ltr'>auxilia,</span> <span class='ocrx_word' id='word_1_219' title='bbox 1153 1905 1285 1939; x_wconf 89' lang='lat' dir='ltr'>totam</span> <span class='ocrx_word' id='word_1_220' title='bbox 1321 1912 1396 1938; x_wconf 90' lang='lat' dir='ltr'>no-</span> 
     </span>
     <span class='ocr_line' id='line_1_32' title="bbox 151 1954 1393 2021; baseline 0 -26"><span class='ocrx_word' id='word_1_221' title='bbox 151 1954 371 2005; x_wconf 84' lang='lat' dir='ltr'>bilitatem,</span> <span class='ocrx_word' id='word_1_222' title='bbox 394 1956 632 1997; x_wconf 88' lang='lat' dir='ltr'>innumeros</span> <span class='ocrx_word' id='word_1_223' title='bbox 654 1963 875 2005; x_wconf 85' lang='lat' dir='ltr'>senatores,</span> <span class='ocrx_word' id='word_1_224' title='bbox 900 1955 1393 2021; x_wconf 70' lang='lat' dir='ltr'>p1·aetorioS‚consulares,</span> 
     </span>
     <span class='ocr_line' id='line_1_33' title="bbox 150 2011 1390 2068; baseline 0 -15"><span class='ocrx_word' id='word_1_225' title='bbox 150 2019 191 2053; x_wconf 89' lang='lat' dir='ltr'>et</span> <span class='ocrx_word' id='word_1_226' title='bbox 228 2013 300 2066; x_wconf 86' lang='lat' dir='ltr'>qui</span> <span class='ocrx_word' id='word_1_227' title='bbox 333 2028 576 2066; x_wconf 77' lang='lat' dir='ltr'>magnorum</span> <span class='ocrx_word' id='word_1_228' title='bbox 602 2014 689 2067; x_wconf 87' lang='lat' dir='ltr'>jam</span> <span class='ocrx_word' id='word_1_229' title='bbox 715 2014 963 2068; x_wconf 88' lang='lat' dir='ltr'>populorum</span> <span class='ocrx_word' id='word_1_230' title='bbox 993 2011 1172 2054; x_wconf 79' lang='lat' dir='ltr'>victores</span> <span class='ocrx_word' id='word_1_231' title='bbox 1201 2011 1390 2053; x_wconf 83' lang='lat' dir='ltr'>fuissent.</span> 
     </span>
     <span class='ocr_line' id='line_1_34' title="bbox 152 2068 1394 2132; baseline -0.002 -20"><span class='ocrx_word' id='word_1_232' title='bbox 152 2068 290 2112; x_wconf 80' lang='lat' dir='ltr'>Caesar</span> <span class='ocrx_word' id='word_1_233' title='bbox 325 2070 367 2110; x_wconf 89' lang='lat' dir='ltr'>in</span> <span class='ocrx_word' id='word_1_234' title='bbox 401 2071 486 2112; x_wconf 89' lang='lat' dir='ltr'>acie</span> <span class='ocrx_word' id='word_1_235' title='bbox 518 2071 591 2111; x_wconf 90' lang='lat' dir='ltr'>sua</span> <span class='ocrx_word' id='word_1_236' title='bbox 612 2070 758 2112; x_wconf 88' lang='lat' dir='ltr'>habuit</span> <span class='ocrx_word' id='word_1_237' title='bbox 790 2071 976 2125; x_wconf 88' lang='lat' dir='ltr'>peditum</span> <span class='ocrx_word' id='word_1_238' title='bbox 1009 2084 1094 2111; x_wconf 87' lang='lat' dir='ltr'>non</span> <span class='ocrx_word' id='word_1_239' title='bbox 1125 2070 1289 2132; x_wconf 85' lang='lat' dir='ltr'>integra</span> <span class='ocrx_word' id='word_1_240' title='bbox 1319 2069 1394 2110; x_wconf 89' lang='lat' dir='ltr'>tri-</span> 
     </span>
     <span class='ocr_line' id='line_1_35' title="bbox 149 2127 759 2182; baseline 0.002 -15"><span class='ocrx_word' id='word_1_241' title='bbox 149 2127 266 2181; x_wconf 86' lang='lat' dir='ltr'>ginta</span> <span class='ocrx_word' id='word_1_242' title='bbox 287 2128 428 2177; x_wconf 80' lang='lat' dir='ltr'>millia,</span> <span class='ocrx_word' id='word_1_243' title='bbox 452 2128 614 2182; x_wconf 87' lang='lat' dir='ltr'>equites</span> <span class='ocrx_word' id='word_1_244' title='bbox 636 2128 759 2169; x_wconf 88' lang='lat' dir='ltr'>mille.</span> 
     </span>
    </p>

    <p class='ocr_par' dir='ltr' id='par_1_7' title="bbox 149 2184 1394 2348">
     <span class='ocr_line' id='line_1_36' title="bbox 208 2184 1391 2240; baseline 0.001 -16"><span class='ocrx_word' id='word_1_245' title='bbox 208 2184 346 2226; x_wconf 92' lang='lat' dir='ltr'><strong>XXI.</strong></span> <span class='ocrx_word' id='word_1_246' title='bbox 381 2186 610 2240; x_wconf 84' lang='lat' dir='ltr'>Nunquam</span> <span class='ocrx_word' id='word_1_247' title='bbox 631 2186 766 2227; x_wconf 86' lang='lat' dir='ltr'>adhuc</span> <span class='ocrx_word' id='word_1_248' title='bbox 787 2186 987 2227; x_wconf 86' lang='lat' dir='ltr'>Romanae</span> <span class='ocrx_word' id='word_1_249' title='bbox 1015 2185 1142 2240; x_wconf 85' lang='lat' dir='ltr'>copiae</span> <span class='ocrx_word' id='word_1_250' title='bbox 1172 2185 1216 2225; x_wconf 92' lang='lat' dir='ltr'>in</span> <span class='ocrx_word' id='word_1_251' title='bbox 1246 2199 1391 2234; x_wconf 90' lang='lat' dir='ltr'>unum,</span> 
     </span>
     <span class='ocr_line' id='line_1_37' title="bbox 149 2243 1394 2297; baseline 0 -15"><span class='ocrx_word' id='word_1_252' title='bbox 149 2256 285 2295; x_wconf 89' lang='lat' dir='ltr'>neque</span> <span class='ocrx_word' id='word_1_253' title='bbox 317 2244 502 2297; x_wconf 78' lang='lat' dir='ltr'>majmes,</span> <span class='ocrx_word' id='word_1_254' title='bbox 532 2258 670 2296; x_wconf 89' lang='lat' dir='ltr'>neque</span> <span class='ocrx_word' id='word_1_255' title='bbox 699 2243 939 2285; x_wconf 87' lang='lat' dir='ltr'>melioribus</span> <span class='ocrx_word' id='word_1_256' title='bbox 969 2243 1158 2292; x_wconf 86' lang='lat' dir='ltr'>ducibus,</span> <span class='ocrx_word' id='word_1_257' title='bbox 1190 2256 1394 2284; x_wconf 87' lang='lat' dir='ltr'>convene-</span> 
     </span>
     <span class='ocr_line' id='line_1_38' title="bbox 150 2297 1393 2348; baseline 0.002 -10"><span class='ocrx_word' id='word_1_258' title='bbox 150 2307 254 2347; x_wconf 86' lang='lat' dir='ltr'>rant,</span> <span class='ocrx_word' id='word_1_259' title='bbox 297 2307 434 2341; x_wconf 89' lang='lat' dir='ltr'>totum</span> <span class='ocrx_word' id='word_1_260' title='bbox 481 2309 685 2342; x_wconf 72' lang='lat' dir='ltr'>terrarum</span> <span class='ocrx_word' id='word_1_261' title='bbox 725 2303 867 2342; x_wconf 90' lang='lat' dir='ltr'>orbem</span> <span class='ocrx_word' id='word_1_262' title='bbox 910 2301 1029 2343; x_wconf 86' lang='lat' dir='ltr'>facile</span> <span class='ocrx_word' id='word_1_263' title='bbox 1071 2301 1316 2348; x_wconf 81' lang='lat' dir='ltr'>subacturae,</span> <span class='ocrx_word' id='word_1_264' title='bbox 1357 2297 1393 2340; x_wconf 78' lang='lat' dir='ltr'>si</span> 
     </span>
    </p>
   </div>
  </div>
 </body>
</html>
