1533 2542
128 132 180 170 34
584 130 871 169 EUTROPIU
879 130 916 167 S.

127 239 296 290 faceret,
314 240 366 281 ad
381 239 639 294 disciplinam
653 240 885 280 Romanam
900 239 1078 281 reduxit.
1114 239 1374 295 [Iugurtham

128 297 251 340 variis
271 297 424 352 proeliis
445 297 559 347 vicit,
592 297 832 352 elephantos
860 297 949 351 ejus
976 296 1138 346 occidit,
1161 297 1226 338 vel
1249 297 1372 353 cepit,

127 354 281 396 multas
313 355 502 397 civitates
534 355 662 410 ipsius
702 355 746 395 in
782 354 1035 395 deditionem
1069 355 1240 409 accepit.
1313 355 1374 397 Et

128 413 224 455 cum
238 413 327 467 jam
347 413 455 454 bello
476 413 601 453 finem
625 413 834 467 positurus
856 418 975 461 essct,
998 425 1231 453 successum
1253 418 1315 454 est
1336 412 1374 454 ei

129 470 155 511 ἐι
177 469 224 513 C.
246 470 394 511 Mario.
444 469 489 510 Is
510 469 769 524 Jugurtham
790 476 832 510 et
853 468 1081 518 Bocchum,
1105 468 1374 511 Mauritaniae

126 541 280 582 regem,
316 527 390 581 qui
410 527 613 568 auxilium
634 526 862 581 Jugurthae
883 525 989 567 ferre
1011 534 1201 581 coeperat,
1220 526 1374 580 pariter

127 584 348 638 superavit.
413 584 649 638 Aliquanta
669 591 711 625 et
738 584 825 638 ipse
846 583 996 639 oppida
1018 583 1060 625 N
1064 583 1228 624 umidiae
1250 583 1373 638 cepit,

126 641 319 696 belloque
339 641 565 683 terminum
584 642 737 696 posuit,
769 648 889 696 capto
911 641 1128 696 {Iugurtha
1147 656 1220 696 per
1242 655 1376 694 quaes-

126 704 260 741 torem
295 715 418 741 suum
470 699 713 742 Cornelium
752 698 924 748 Sullam,
968 699 1181 754 ingentem
1222 699 1373 749 virum,

126 756 316 799 tradente
337 757 505 799 Boccho
526 756 798 812 Jugurtham,
822 757 895 811 qui
924 771 998 811 pro
1028 771 1074 798 eo
1096 756 1193 797 ante
1214 771 1374 811 pugna-

126 821 255 857 verat.
319 815 380 869 (A,
396 827 441 857 U.
468 815 587 870 644.)
621 815 664 856 A
690 815 837 856 Marco
869 814 1003 856 Junio
1030 813 1184 863 Silano,
1218 814 1376 869 collega

129 870 183 924 Q.
208 871 386 922 Metelli,
411 872 573 915 Cimbri
593 872 636 912 in
661 872 823 921 Galli&
859 878 900 913 ct
921 873 945 913 a
967 871 1156 912 Minucio
1193 870 1310 913 Rufo
1330 871 1375 912 in

127 928 377 971 Macedonia
421 929 626 973 Scordisci
662 937 703 971 et
738 929 936 978 Triballi3
985 929 1046 984 (A.
1063 942 1107 970 U.
1134 930 1239 983 644)
1275 935 1316 970 et
1351 930 1376 971 εἴ

130 985 306 1030 Servilio
341 987 536 1042 Caepione
572 988 616 1028 in
652 987 858 1043 Hispania
890 987 1085 1028 Lusitani
1115 986 1216 1028 victi
1248 993 1372 1035 sunt3

127 1043 191 1100 (A.
206 1056 249 1086 U.
275 1044 381 1099 646)
422 1052 464 1086 et
505 1045 587 1086 duo
623 1046 825 1100 triumphi
863 1045 913 1086 de
949 1044 1179 1100 Jugurtha,
1215 1044 1373 1099 primus

126 1116 202 1157 per
221 1101 458 1152 Metellum,
476 1103 681 1144 secundus
702 1118 776 1157 per
798 1102 983 1144 Marium
1004 1102 1086 1144 acti
1107 1108 1216 1143 sunt.
1257 1101 1375 1143 Ante

127 1173 295 1201 currum
344 1167 484 1202 tamen
524 1160 652 1201 Marii
687 1160 719 1202 J
722 1160 906 1215 ugurtha
945 1175 1041 1201 cum
1076 1160 1238 1201 duobus
1279 1158 1374 1200 filiis

127 1215 277 1258 ductus
298 1224 360 1259 est
382 1224 608 1268 catenatus,
628 1225 669 1260 et
689 1233 787 1259 mox
801 1219 922 1272 jussu
944 1217 1122 1259 consulis
1149 1217 1193 1257 in
1215 1231 1375 1259 carcere

127 1275 422 1330 strangulatus.

569 1642 738 1679 FIFTH
765 1642 929 1681 BOOK.

129 1760 156 1794 1,
172 1762 201 1788 2.
229 1756 394 1788 Cimbrian
413 1757 498 1794 war,
516 1757 579 1788 and
595 1758 636 1789 its
652 1759 822 1789 successful
842 1759 941 1789 Issue.
958 1763 1043 1790 —8.
1074 1760 1143 1790 The
1162 1751 1265 1791 Social
1284 1760 1370 1792 War.

167 1812 251 1838 -4.
282 1808 366 1839 First
386 1808 471 1839 Civil
487 1820 522 1840 οι·
546 1809 676 1840 Marian
698 1810 780 1840 War.
793 1815 940 1842 —5—9.
970 1811 1174 1843 Mithridatio
1195 1811 1258 1843 and
1271 1812 1373 1843 Thra-

169 1859 240 1891 cian
253 1861 355 1891 WVars.
409 1861 640 1892 Continuation
656 1863 719 1893 and
738 1863 813 1893 End
829 1864 867 1893 of
879 1863 1006 1894 Max-ian
1024 1865 1111 1896 WVar.

125 1966 163 2008 I.
186 1966 304 2007 Dum
316 1966 473 2008 bellum
487 1967 532 2008 in
546 1967 591 2008 N
595 1968 750 2009 umidi&
763 1976 908 2010 contra
919 1969 953 2011 J
955 1970 1182 2024 ugurtham
1196 1971 1370 2026 geritur,

125 2023 306 2065 Romani
328 2024 516 2066 consules
538 2024 601 2066 M,
626 2025 813 2067 Manlius
835 2033 876 2067 et
899 2026 952 2078 Q.
979 2027 1119 2082 Caepio
1141 2029 1164 2069 εἰ
1188 2028 1372 2071 Cimbris

125 2087 168 2122 et
201 2081 476 2132 Teutonibus,
511 2088 554 2123 et
591 2082 818 2137 Tigurinis,
861 2090 903 2125 et
945 2083 1245 2135 Ambronibus,
1279 2100 1372 2140 quae

126 2145 244 2180 erant
282 2137 589 2181 Germanorum
624 2146 666 2181 et
693 2140 911 2182 Gallorum
943 2148 1100 2197 gentes,
1131 2143 1233 2184 victi
1272 2150 1371 2186 sunt

122 2196 244 2252 juxta
281 2195 437 2239 flumen
477 2196 755 2246 Rhodanum3
808 2205 850 2239 et
890 2199 1051 2254 ingenti
1090 2200 1371 2243 internecione

125 2253 272 2302 attriti,
303 2254 428 2295 ctiam
449 2261 583 2296 castra
603 2270 678 2296 sua
705 2262 747 2297 et
767 2271 959 2311 magnam
981 2264 1141 2311 partem
1163 2257 1371 2299 exercitus

125 2310 403 2365 perdiderunt.
469 2312 613 2354 Timor
633 2312 778 2354 Romae
799 2314 966 2369 grandis
986 2314 1082 2362 fuit,
1101 2321 1282 2369 quantus
1298 2315 1369 2358 vix
