1512 2578
669 134 822 173 BOOK
848 136 888 172 V
1355 143 1399 181 37

218 239 299 282 VI,
324 240 493 283 Interea
512 242 636 283 etiam
649 242 839 292 Athenoe,
855 244 1000 286 civitas
1020 245 1201 295 Achaim,
1217 249 1268 287 ab
1289 248 1407 290 Aris·-

158 297 271 340 tione
289 297 538 341 Atheniensi
561 300 798 342 Mithridati
819 303 971 344 tradita
992 310 1065 344 est.
1101 303 1276 346 Miserat
1297 305 1405 347 enim

151 356 242 411 jam
298 355 350 397 ad
393 357 596 398 Achaiam
640 358 905 401 Mithridates
949 361 1218 411 Archelaum,
1259 362 1406 404 ducem

158 428 294 462 suurn,
332 429 426 456 cum
467 423 634 457 centum
669 423 710 457 et
741 417 890 470 viginti
923 418 1106 459 millibus
1131 419 1320 472 equitum
1360 435 1407 463 ae

158 470 360 526 peditum,
379 487 451 526 per
473 488 595 526 quem
610 474 733 515 etiam
756 474 915 527 reliqua
933 474 1095 517 Grseeia
1110 486 1309 530 occupata
1329 483 1404 519 est.

162 528 281 572 Sulla
322 529 575 572 Archelaum
627 531 737 585 apud
794 531 989 581 Piraeum,
1046 548 1130 574 non
1185 534 1308 587 longe
1355 536 1406 576 ab

161 586 356 634 Athenis,
375 588 547 636 obsedit,
571 588 783 642 ipsamque
800 591 945 631 urbem
967 590 1099 644 ecpit3
1134 593 1276 645 postea
1296 606 1402 633 eom·

159 644 282 685 misso
304 645 448 699 proelio
475 653 619 686 eontra
645 646 909 695 Archelaum,
950 647 1008 687 ita
1029 662 1123 688 eum
1146 649 1258 697 vicit,
1282 655 1330 690 ut
1352 663 1404 690 ex

158 707 328 742 centum
350 702 499 756 viginti
532 702 714 743 millibus
736 704 806 743 vix
844 704 985 744 decem
1016 704 1224 747 Archelao
1261 720 1404 761 super·

159 766 307 807 essent,
331 773 382 800 ex
415 758 540 801 Sullae
577 760 760 801 exercitu
792 761 1103 813 quatuordeeim
1133 764 1297 804 tantum
1331 764 1406 805 ho-

158 816 289 857 mines
316 816 659 858 interficerentur.
726 818 819 858 Hae
847 819 989 873 pugna
1020 818 1287 861 Mithridates
1307 835 1406 876 eog-

157 873 258 920 nita,
289 874 555 929 septuaginta
586 875 714 915 millia
740 875 961 916 lectissima
989 890 1040 916 ex
1071 876 1175 917 Asia
1197 877 1404 920 Archelao

158 931 283 979 misit,
321 938 465 973 contra
487 946 609 985 quem
643 931 760 973 Sulla
791 933 942 973 iterum
979 934 1195 974 commisit.
1260 935 1407 976 Primo

157 988 303 1043 proelio
348 989 583 1043 quindecim
637 990 766 1030 millia
804 990 985 1031 hostium
1032 990 1250 1032 interfecta
1290 1000 1401 1042 sunt,

157 1045 351 1100 filiusque
374 1046 571 1087 Archelai
595 1046 826 1101 Diogenes3
861 1047 1040 1089 seeundo
1062 1062 1204 1089 omnes
1232 1049 1400 1090 Mithri-

157 1102 264 1144 datis
295 1103 421 1158 copiae
457 1104 671 1145 exstinctae
703 1112 812 1145 sunt.
877 1105 1109 1146 Archelaus
1144 1105 1231 1160 ipse
1263 1106 1403 1148 triduo

157 1161 294 1202 nudus
324 1161 367 1202 in
398 1161 618 1216 paludibus
649 1162 783 1203 latuit.
849 1162 944 1203 Hac
973 1177 1017 1203 re
1048 1163 1201 1212 audita,
1232 1163 1404 1206 Mithri-

157 1218 273 1260 dates
295 1233 389 1260 eum
415 1218 532 1261 Sulla
553 1219 602 1259 de
624 1234 723 1273 paee
746 1220 811 1273 agi
827 1220 963 1273 jussit.

217 1276 324 1317 VII.
347 1276 534 1317 -Interim
560 1291 607 1317 eo
636 1284 820 1331 tempore
860 1277 976 1318 Sulla
1009 1277 1133 1318 etiam
1168 1278 1399 1329 Dardanos,

160 1332 409 1382 Scordiscos,
434 1333 662 1382 Dalmatas,
686 1341 727 1375 et
752 1334 910 1375 Maedos
932 1334 1084 1389 partim
1105 1335 1217 1384 vicit,
1240 1336 1341 1378 alios
1356 1337 1398 1378 in

157 1391 281 1432 fidem
313 1391 482 1446 accepit.
550 1390 632 1433 Sed
660 1393 754 1433 esim
788 1392 915 1446 legati
950 1407 974 1432 a
1005 1407 1102 1447 rege
1135 1392 1398 1444 Mithridate,

157 1449 229 1504 qui
250 1463 392 1503 pacem
413 1448 623 1504 petebant,
648 1449 868 1498 venissent,
891 1464 974 1491 non
995 1449 1114 1490 aliter
1134 1464 1176 1491 se
1204 1450 1400 1492 daturum

159 1506 277 1549 Sulla
297 1521 384 1548 esse
405 1506 630 1561 respondit,
665 1506 742 1547 nisi
765 1522 850 1556 rex,
880 1507 1033 1548 relictis
1055 1507 1130 1556 his,
1165 1522 1257 1561 quae
1279 1523 1402 1550 oecu-

155 1571 339 1620 paverat,
390 1564 443 1605 ad
490 1578 666 1619 regnum
719 1579 840 1604 suum
880 1564 1079 1606 rediisset.
1158 1565 1312 1607 Postea
1336 1573 1400 1608 ta-

154 1636 252 1663 men
273 1622 324 1663 ad
345 1622 598 1675 colloquium
632 1621 752 1662 ambo
774 1628 1000 1670 vcnerunt3
1034 1622 1096 1677 (A.
1116 1634 1160 1663 U.
1181 1622 1286 1676 668)
1317 1639 1394 1678 pax

154 1679 265 1721 inter
292 1694 361 1721 eos
382 1680 571 1721 ordinata
593 1686 667 1728 est,
691 1686 739 1719 ut
765 1678 892 1728 Sulla,
925 1680 975 1720 ad
997 1679 1152 1721 bellurn
1175 1680 1295 1721 civile
1317 1681 1402 1722 fes-

155 1736 306 1786 tinans,
341 1737 365 1778 ἓι
385 1743 504 1791 tergo
540 1736 770 1790 periculum
803 1752 885 1777 non
911 1736 1091 1778 haberet.
1155 1737 1265 1778 Nam
1298 1738 1398 1778 dum

159 1793 276 1836 Sulla
296 1794 339 1834 in
362 1793 523 1835 Achaia
543 1801 669 1848 atque
689 1794 791 1834 Asia
806 1793 1098 1835 Mithridatem
1112 1794 1255 1843 vineit,
1271 1795 1335 1849 (A.
1351 1807 1395 1837 U.

157 1851 262 1907 666)
293 1851 468 1901 Marius,
505 1852 576 1905 qui
610 1852 778 1905 fugatus
812 1858 912 1899 erat,
937 1860 979 1892 et
1002 1850 1221 1893 Cornelius
1245 1851 1395 1902 Cinna,

155 1924 264 1950 unus
300 1923 352 1950 ex
383 1908 631 1958 consulibus,
668 1909 820 1949 bellum
842 1909 883 1948 in
913 1908 1036 1950 Italia
1069 1910 1324 1963 repararunt,
1355 1917 1398 1952 et

154 1967 328 2021 ingressi
362 1965 507 2007 urbem
550 1966 741 2014 Romam,
783 1966 1057 2007 nobilissimos
1099 1981 1151 2007 ex
1183 1973 1329 2008 senatu
1354 1972 1397 2008 eb

154 2024 386 2066 consulares
399 2024 507 2066 viros
522 2023 837 2072 interfecerunt3
871 2024 1024 2065 multos
1040 2024 1369 2079 proscripserunt
1385 2041 1395 2073 3

153 2080 282 2135 ipsius
306 2080 432 2123 Sullae
453 2081 574 2122 domo
596 2081 749 2129 eversa,
782 2081 887 2122 filios
915 2088 957 2122 et
987 2095 1159 2122 uxorem
1181 2082 1231 2122 ad
1253 2081 1398 2137 fugam

154 2138 453 2193 compulerunt.
518 2138 752 2180 Universus
783 2139 967 2192 reliquus
1000 2145 1179 2187 senatus,
1210 2153 1261 2179 ex
1292 2137 1395 2181 urbe

154 2193 332 2250 fugiens,
347 2195 398 2236 ad
415 2195 574 2237 Sullam
592 2196 634 2236 in
647 2195 851 2238 Graeciam
874 2196 1001 2244 venit,
1026 2210 1158 2244 orans,
1181 2204 1228 2236 ut
1251 2196 1395 2250 patria}

153 2253 402 2295 subveniret.
459 2252 537 2294 Ille
554 2253 596 2293 in
611 2253 777 2294 Italiam
798 2252 974 2307 trajecit,
1000 2252 1155 2293 bellum
1168 2252 1290 2294 civile
1302 2267 1395 2308 gee-
