1512 2578
603 123 752 161 BOOK
780 124 833 161 ΙΙ.
1295 128 1341 166 17

96 232 331 289 pugnatum
372 239 433 274 est
469 232 632 287 ingenti
671 233 828 275 virtute
870 233 1166 275 Romanorum.
1232 233 1341 275 Nam

95 289 362 346 septuaginta
382 296 466 331 tres
493 289 901 346 Carthaginiensium
922 305 1047 332 naves
1068 298 1198 345 eaptae
1228 298 1339 340 sunt,

95 354 265 390 centum
286 347 436 402 viginti
463 347 648 401 quinque
677 348 883 397 demersae,
910 348 1083 402 triginta
1103 349 1186 389 duo
1212 347 1342 389 millia

94 404 278 446 hostium
313 412 446 460 capta,
481 405 679 446 tredecim
715 404 875 446 occisa:
909 405 1121 446 infinitum
1157 405 1246 446 auri
1276 419 1341 446 ar-

95 461 296 518 gentique
326 462 488 517 pondus
519 462 562 502 in
586 466 843 514 potestatem
878 462 1163 503 Romanorum
1198 461 1342 504 redae-

96 525 199 561 tum.
263 519 333 560 Ex
365 519 491 561 classe
523 520 714 561 Romana
735 520 953 561 duodecim
978 534 1103 561 naves
1132 519 1336 561 demersae.

95 576 342 633 Pugnatum
369 583 432 618 est
453 585 571 618 sexto
593 577 695 618 Idus
726 577 914 618 Martias.
988 576 1140 619 Statim
1164 575 1340 619 Cartha-

95 635 301 690 ginienses
335 649 478 689 pacem
513 635 739 689 petierunt,
776 634 1018 688 tributaque
1049 641 1112 675 est
1144 634 1201 674 eis
1232 648 1336 688 pax3

95 691 250 747 captivi
274 691 574 740 Romanorum,
598 692 671 746 qui
699 694 950 733 tenebantur
973 693 997 732 a
1020 691 1340 746 Carthaginien-

95 749 222 799 sibus,
258 749 411 790 redditi
447 757 557 790 sunt.
622 749 765 790 Etiam
808 748 1172 804 Carthaginienses
1207 749 1340 802 petie-

93 815 208 856 runt,
239 813 290 848 ut
315 806 463 848 redimi
495 821 565 848 eos
600 806 784 861 captivos
814 806 968 855 liceret,
1002 820 1106 859 quos
1137 819 1189 846 ex
1221 805 1340 846 Afris

94 863 277 906 Romani
297 865 508 906 tenebant.
551 863 730 906 Senatus
745 863 873 918 jussit
893 863 981 904 sine
996 863 1130 918 pretio
1151 862 1239 903 dari
1257 876 1338 911 eos,

95 922 170 976 qui
189 922 233 963 in
253 921 420 977 publiea
440 921 627 963 custodia,
646 928 795 962 essent.
856 920 943 973 Qui
963 927 1103 961 autem
1125 921 1148 961 a
1168 920 1340 974 privatis

94 986 351 1028 tenerentur,
383 986 445 1028 ut,
477 979 610 1033 pretio
640 979 817 1020 dominis
840 978 1014 1027 reddito,
1042 976 1340 1032 Carthaginem

94 1036 301 1085 redirent3
335 1042 462 1090 atque
489 1036 532 1077 id
561 1036 743 1091 pretium
773 1051 823 1078 ex
854 1036 953 1077 fisco
985 1033 1129 1090 magis,
1163 1035 1288 1088 quam
1315 1035 1339 1075 ὲ

96 1092 526 1149 Carthaginiensibus,
549 1094 791 1135 solveretur.

49 1152 51 1155 ’
152 1150 391 1194 XXVIII.
429 1151 492 1206 (Α.
508 1163 553 1192 U.
577 1151 697 1206 512.)
741 1151 794 1204 Q.
820 1151 1032 1200 Lutatius,
1057 1150 1112 1191 A.
1137 1149 1336 1199 Manlius,

94 1208 282 1251 eonsules
314 1209 455 1259 creati,
492 1208 649 1251 bellum
681 1208 856 1250 Faliscis
880 1208 1127 1257 intulerunt,
1158 1221 1250 1261 quae
1281 1207 1339 1248 ci-

93 1266 202 1309 vitas
223 1265 362 1323 Italiae
379 1266 575 1321 opulenta
597 1266 806 1320 quondam
828 1266 909 1306 fuit
926 1281 936 1314 ;
967 1265 1079 1319 quod
1099 1267 1220 1306 ambo
1241 1278 1338 1305 eon-

94 1323 203 1365 sules
230 1323 342 1364 intra
373 1338 445 1364 sex
481 1323 579 1372 dies,
618 1324 744 1377 quam
779 1330 990 1372 venerant,
1027 1327 1336 1376 transegerunt,

94 1380 333 1434 quindecim
362 1379 544 1421 millibus
570 1380 753 1422 hostium
780 1380 916 1429 eaesis;
940 1379 1085 1421 ceteris
1109 1393 1210 1435 paee
1240 1392 1337 1420 con·

94 1438 218 1487 cessa,
239 1452 339 1494 agro
359 1444 501 1480 tamen
521 1451 573 1479 ex
594 1436 814 1480 medietate
836 1436 1012 1479 sublato.
