1533 2542
84 770 88 785 J

88 840 91 862 Ι

88 907 91 929 Ι

88 963 93 975 l

157 119 202 154 16
609 113 938 153 EUTROPIUS.

149 238 221 265 sex
251 230 293 266 et
321 223 471 279 viginti
495 223 734 278 elephantos
756 223 879 277 cepit,
909 223 1091 277 reliquos
1113 228 1298 264 errantes
1318 236 1392 277 per

150 280 367 330 Numidas,
398 296 501 334 quos
522 281 565 321 in
586 281 787 322 auxilium
815 281 1007 329 habebat,
1037 280 1207 336 collegit
1235 286 1278 321 et
1302 280 1391 321 Ro-

148 353 258 379 mam
291 339 463 380 deduxit
498 338 660 393 ingenti
693 339 855 393 pompa,
893 339 988 379 cum
1019 345 1187 379 centum
1218 337 1392 393 triginta

148 395 463 449 elephantorum
484 411 683 437 numerus
705 396 843 436 omnia
863 395 1014 436 itinera
1035 394 1271 449 compleret.

209 453 366 495 XXV.
401 453 506 494 Post
535 452 622 494 haec
649 453 756 493 mala
788 451 1151 506 Carthaginienses
1177 451 1390 506 Regulum

148 509 309 559 ducem,
333 525 457 563 quem
479 516 687 564 ceperant,
710 508 935 563 petierunt,
958 515 1005 549 ut
1028 508 1208 549 Romam
1227 508 1390 562 profici-

148 574 342 616 sceretur,
358 574 399 608 et
415 581 558 621 pacem
573 567 598 608 a
609 566 811 607 Romanis
824 565 1042 615 obtineret,
1059 580 1106 606 ac
1122 565 1392 619 permutatio-

148 639 244 665 nem
264 623 524 678 captivorum
548 623 714 665 faceret.
778 623 858 665 Ille
879 623 1058 664 Romam
1079 624 1174 664 cum
1195 622 1388 672 venisset,

148 681 343 722 inductus
364 681 407 721 in
429 687 632 730 senatum,
649 681 755 721 nihil
775 681 893 734 quasi
909 681 1126 722 Romanus
1147 680 1246 735 egit,
1264 679 1390 721 dixit-

149 753 243 791 que,
266 754 305 779 se
321 754 367 778 ex
382 738 455 778 illd
476 740 549 787 die,
572 739 654 793 qud
674 741 714 779 in
732 745 967 793 potestatem
988 739 1188 792 Afrorum
1211 739 1389 786 venisset,

88 816 91 828 ι
149 797 380 836 Romanum
415 810 494 836 esse
527 797 694 837 desiisse.
760 795 912 849 Itaque
945 802 988 837 et
1023 809 1195 837 uxorem
1227 795 1252 836 ἐι
1281 808 1392 836 com-

88 881 90 890 ,
148 853 275 908 plexu
309 852 497 900 removit,
527 860 569 894 et
594 853 757 894 senatui
778 853 920 902 suasit,
949 867 1001 894 ne
1028 867 1110 907 pax
1131 866 1227 893 cum
1249 851 1391 892 Poenis

88 950 92 962 ,
148 910 293 958 fieret,
336 912 423 950 illos
459 912 575 959 enim,
605 913 770 964 fractos
803 917 860 951 tot
891 912 1059 958 casibus,
1095 925 1201 964 spem
1235 910 1389 950 nullam

149 969 319 1009 habere.-
358 983 397 1008 se
436 970 541 1008 tanti
571 982 650 1008 non
684 983 776 1016 esse,
815 975 858 1008 ut
891 975 946 1008 tot
978 969 1106 1008 millia
1142 969 1389 1021 captivorum

91 1032 95 1070 “,
145 1032 312 1080 propter
333 1040 455 1066 unum
477 1041 529 1074 se,
552 1032 589 1065 et
616 1041 753 1074 senem,
777 1033 814 1065 et
836 1041 1003 1079 paucos,
1034 1028 1104 1080 qui
1123 1040 1168 1064 ex
1193 1026 1390 1064 Romanis

95 1103 98 1119 ·.
150 1085 260 1136 capti
279 1084 468 1136 fuerant,
505 1083 775 1123 redderentur.
838 1082 991 1136 Itaque
1021 1081 1214 1124 obt-inuit.
1279 1081 1390 1122 Nam

97 1159 103 1195 χ
150 1139 292 1188 Afros,
332 1154 474 1194 pacem
508 1146 710 1194 petentes,
746 1140 885 1181 nullus
926 1140 1119 1188 admisit3
1162 1137 1416 1193 i12,s·<}-,-Ca1··-‚u

102 1234 104 1238 ,
149 1197 362 1253 thaginem
396 1197 533 1246 rediit,
570 1197 922 1251 offerentibusque
958 1197 1172 1245 Romanis,
1208 1203 1258 1237 ut
1293 1210 1389 1236 eum

150 1254 294 1295 Romae
315 1260 519 1304 tenerent,
542 1255 724 1309 negavit,
744 1255 855 1307 ⁴525„ss
877 1256 925 1306 ea
945 1256 1048 1303 urbe
1069 1268 1322 1304 mansurum,
1345 1254 1390 1294 in

150 1312 244 1365 qua,
283 1322 505 1366 postquam
537 1291 906 1361 ffiis‘servierat,
944 1311 1192 1367 dignitatem
1226 1310 1390 1351 honesti

112 1368 114 1424 ᾖ
149 1369 250 1411 civis
277 1369 430 1410 habere
457 1384 542 1410 non
569 1376 719 1424 posset.
782 1369 1014 1424 Regressus
1041 1369 1171 1424 igitur
1192 1368 1244 1409 ad
1273 1367 1410 1420 Afri·v
1446 1398 1449 1399 γ

149 1441 252 1474 cam,
276 1427 466 1468 omnibus
488 1427 698 1482 suppliciis
720 1426 951 1468 exstinctus
972 1433 1047 1468 est.

208 1484 392 1525 XXVI.
425 1484 486 1540 (A.
503 1497 547 1525 U.
573 1484 693 1539 504.)
726 1484 775 1525 P.
797 1483 973 1526 Claudio
1001 1483 1198 1532 Pulchro,
1228 1482 1280 1523 L.
1305 1488 1388 1524 Ju-

149 1541 231 1590 nio,
267 1542 517 1590 consulibus,
543 1540 744 1584 Claudius
779 1550 923 1582 contra
957 1556 1031 1582 aus
1061 1541 1139 1582 icia
1199 1541 1387 1590 uonavit,

149 1598 669 1655 eQn·tl1acri11iensibus
706 1600 727 1628 ν’
777 1606 919 1644 ω.
983 1615 1004 1640 I
1028 1614 1094 1640 am
1122 1613 1174 1640 ex
1198 1594 1390 1640 ducentis

149 1663 191 1697 et
212 1656 363 1711 viginti
384 1672 480 1698 navl
510 1672 559 1698 us
581 1672 676 1698 cum
696 1657 870 1712 triginta
889 1657 1014 1710 fugit,
1043 1656 1273 1711 nonaginta
1293 1670 1389 1697 cum

148 1714 451 1769 pugnatoribus
491 1721 621 1769 captae
661 1724 771 1763 sunt,
809 1714 1004 1755 demersae
1043 1720 1200 1755 ceterae.
1240 1713 1390 1758 ,Alius

150 1785 318 1825 quoque
348 1772 492 1813 consul
524 1772 695 1813 classem
730 1772 947 1827 naufragio
978 1771 1127 1820 amisit,
1160 1770 1390 1812 exercitum

149 1834 289 1869 tamen
311 1830 470 1870 salvum
491 1829 651 1878 habuit,
675 1830 773 1883 quia
788 1830 928 1872 vicina
948 1830 1072 1870 litora
1092 1835 1220 1870 erant.

209 1886 419 1927 XXVII.
453 1887 515 1943 (A.
526 1899 570 1927 U.
590 1888 710 1941 511.)
755 1886 802 1929 C.
823 1887 998 1928 Lutatio
1022 1886 1188 1934 Cat-ulo,
1213 1886 1268 1926 A.
1285 1885 1390 1926 Pos-

150 1943 282 1985 tumio
301 1943 474 1992 Albino,
499 1944 748 1993 consulibus,
774 1959 881 1985 anno
903 1944 1000 1985 belli
1021 1943 1175 1984 Punici
1188 1943 1389 1998 vigesimo

150 2001 288 2049 tertio,
323 2000 474 2043 Catulo
501 2001 659 2043 bellum
690 2008 833 2042 contra
865 2001 994 2042 Afros
1021 2000 1285 2042 commissum
1312 2006 1389 2041 est.

151 2057 372 2099 Profectus
392 2065 454 2099 est
475 2073 569 2100 cum
585 2059 782 2100 trecentis
803 2059 975 2100 navibus
991 2059 1034 2099 in
1056 2057 1249 2100 Siciliam.
1294 2056 1392 2097 Afri

151 2121 294 2156 contra
323 2115 457 2170 ipsum
487 2117 810 2171 quadringentas
833 2122 1096 2171 paraverunt.
1160 2115 1392 2169 Nunquam

151 2172 194 2213 in
210 2172 314 2213 mari
334 2173 462 2214 tantis
484 2174 611 2228 copiis
632 2181 864 2229 pugnatum
882 2181 955 2215 est.
993 2173 1195 2214 Lutatius
1213 2171 1392 2215 Catulus

151 2244 298 2271 navem
319 2245 428 2285 aeger
448 2231 683 2279 adscendit3
711 2231 952 2272 vulneratus
974 2231 1084 2272 enim
1103 2230 1147 2270 in
1163 2230 1304 2284 pugna
1323 2243 1391 2269 su-

152 2287 309 2341 periore
331 2288 478 2329 fuerat.
534 2287 692 2330 Contra
714 2288 965 2344 Lilybaeum,
989 2287 1199 2330 civitatem
1226 2285 1389 2335 Siciliae,
