1513 2537
69 57 95 91 6
138 27 142 31 ⁴
523 50 856 90 EU'rROPms.

68 177 183 219 reges
214 162 411 217 expulsus
440 177 492 203 cx
525 162 628 203 urbe
667 161 720 214 Q.
747 160 946 210 Marcius,
979 161 1067 203 dux
1102 160 1315 202 Romano-

67 236 172 271 rum,
204 221 276 274 qui
301 219 488 262 Coriolos
520 226 695 274 ceperat,
720 218 969 260 Volscorum
1003 218 1228 268 civitatem,
1265 217 1317 259 ad

68 279 174 332 ipsos
216 278 391 320 Volscos
427 277 642 319 contendit
681 276 838 325 iratus3
894 282 936 317 et
976 276 1130 318 auxilia
1172 280 1317 317 contra

65 335 278 377 Romanos
299 335 470 390 accepit,
493 334 790 388 Romanosque
812 334 918 388 saepc
938 333 1050 374 vicit.
1093 333 1243 386 Usque
1265 331 1318 373 ad

66 393 260 448 quintum
274 392 512 434 milliarium
528 391 643 432 urbis
659 391 842 439 accessit,
865 396 1179 445 oppugnaturus
1193 389 1317 431 etiam

65 451 256 506 patriam,
278 450 439 505 legatis,
463 449 536 503 qui
564 464 707 503 pacem
730 449 941 502 petebant,
975 447 1214 501 repudiatis,
1237 446 1318 487 nisi

66 508 118 549 ad
152 524 245 550 eum
280 515 412 549 mater
449 507 629 549 Veturia
662 512 704 547 et
740 519 844 546 uxor
865 504 1092 546 Volumnia
1128 518 1179 545 ex
1214 504 1318 544 urbe

65 566 300 614 venissent3
335 579 512 618 quarum
552 563 656 604 fietu
691 569 734 604 et
780 562 1070 617 deprecatione
1101 569 1319 617 superatus

65 622 242 664 removit
264 622 504 664 exercitum.
574 623 715 675 Atque
748 619 816 662 hic
852 621 1057 661 secundus
1089 626 1182 675 post
1215 619 1320 660 Tar-

67 679 262 734 quinium.
279 680 376 730 fuit,
400 680 472 734 qui
494 680 580 720 dux
601 685 746 720 contra
766 678 942 733 patriam
963 692 1079 718 suam
1100 684 1218 718 esset.

128 739 260 780 XVI.
295 741 356 794 (A.
373 750 417 778 U.
434 736 553 791 275.)
591 735 762 779 Caesone
785 735 917 777 Fabio
939 742 981 776 et
1003 735 1101 775 Tito
1125 734 1319 789 Virginio

70 796 321 845 consulibus,
358 795 533 837 trecenti
575 794 734 839 nobiles
771 793 968 841 homines,
999 793 1072 845 qui
1108 807 1158 832 ex
1188 791 1320 833 Fabia

68 855 225 896 famili-51
239 860 369 903 erant,
393 860 538 894 contra
555 851 757 893 Veientes
771 850 928 892 bellum
945 850 1021 891 soli
1035 855 1319 904 susceperunt,

69 912 361 967 promittentes
383 910 545 952 senatui
562 916 604 952 et
624 908 790 963 populo,
810 923 882 964 per
903 923 946 949 se
967 923 1088 949 omne
1110 917 1321 949 certamen

69 969 338 1025 implendum.
404 968 556 1022 Itaque
584 967 760 1022 profecti
788 980 930 1007 omnes
963 965 1135 1014 nobiles,
1171 972 1213 1007 et
1246 964 1320 1019 qui

71 1027 225 1083 singuli
258 1041 503 1081 magnorum
537 1025 796 1066 exercituum
831 1024 954 1065 (luces
985 1038 1071 1064 esso
1109 1023 1319 1073 deberent,

72 1085 116 1127 in
149 1084 292 1140 proelio
321 1083 602 1125 conciderunt.
679 1081 806 1123 Unus
827 1081 994 1123 omnino
1027 1081 1233 1135 superfuit
1269 1096 1320 1122 ex

70 1143 190 1184 tant&-
210 1142 378 1190 familifi,
402 1141 475 1195 qui
507 1147 677 1195 propter
698 1146 862 1181 {etatem
893 1139 1094 1194 puerilem
1120 1139 1216 1180 duci
1237 1153 1321 1180 non

70 1206 263 1254 potuerat
285 1200 336 1240 ad
352 1214 546 1254 pugnam.
581 1198 686 1239 Post
703 1198 788 1238 haec
810 1212 956 1238 census
971 1197 1016 1237 in
1031 1197 1134 1238 urbe
1155 1196 1322 1238 habitus

73 1265 149 1307 est,
172 1264 214 1299 et
242 1257 413 1298 iuventa
441 1262 539 1297 sunt
561 1256 714 1297 civium
737 1255 873 1309 capita
901 1261 1071 1296 centum
1097 1254 1322 1296 novemde-

72 1316 150 1357 cim
171 1315 314 1364 millia,
337 1320 537 1360 trecenta,
560 1313 856 1354 novemdecim.
889 1311 951 1367 (A.
969 1324 1013 1353 U.
1035 1310 1155 1366 295.)

130 1372 290 1415 XVII.
327 1371 530 1426 Sequenti
549 1386 670 1420 anno,
694 1372 788 1411 cim
821 1370 864 1410 in
896 1369 1053 1425 Algido
1080 1376 1235 1419 monte,
1269 1369 1322 1411 ab

21 1435 26 1439 “
72 1432 175 1472 urbe
196 1429 438 1470 duodecimo
459 1428 588 1470 ferme
609 1428 811 1476 milliario,
826 1427 1042 1468 Romanus
1064 1427 1323 1468 obsideretur

73 1487 292 1536 exercitus,
342 1487 396 1527 L.
435 1485 676 1543 Quinctius
703 1484 988 1544 ›Qi-QERRQQS
1038 1485 1217 1526 dictator
1258 1490 1322 1527 est

72 1545 208 1587 factus
251 1544 313 1600 (A.
332 1536 867 1600 fflmffisassgrum'
900 1539 1080 1596 quatuor
1121 1543 1321 1598 jugerum

72 1596 303 1659 pm
320 1602 512 1643 manibus
533 1602 617 1642 suis
639 1601 812 1642 colebat.
887 1599 932 1641 Is
953 1601 1050 1642 cum
1069 1600 1113 1640 in
1135 1615 1258 1654 opere
1279 1607 1322 1641 et

73 1676 191 1702 arans
208 1668 313 1701 esset
329 1660 537 1708 inventus,
556 1659 704 1700 sudore
721 1653 1054 1715 deterso'ff'ogam
1073 1664 1321 1719 praetextam

1115 1712 1266 1726 t——na-

73 1733 167 1761 acce
198 1718 244 1767 it,
267 1725 309 1759 et
330 1717 652 1774 οἷὶεέὶΙῑρεῒίὴιὲὲ
672 1716 1125 1766 ΙίὒειτινίῂεΧθῐοηιῑω.

139 1734 175 1816 i
193 1767 217 1817 V
237 1768 272 1815 ll
290 1769 317 1815 l.
339 1767 414 1831 (A.
434 1787 478 1816 U.
496 1778 615 1830 302.)
667 1764 795 1816 Knno
816 1779 1105 1815 trecentesimo
1127 1780 1168 1815 et
1190 1773 1321 1815 altero

80 1835 133 1875 ab
163 1834 266 1874 urbe
299 1832 464 1873 condit&
484 1832 702 1887 imperium
725 1832 939 1873 consulare
961 1831 1148 1880 cessavit,
1179 1838 1222 1873 et
1246 1846 1321 1886 pro

73 1891 234 1933 duobus
255 1889 492 1931 consulibus
509 1890 654 1931 *decem
674 1889 774 1930 facti
796 1895 907 1939 sunt,
930 1889 1003 1942 qui
1024 1904 1226 1930 summam
1246 1904 1321 1943 po-

73 1954 267 1990 testatem
289 1947 503 1996 haberent,
536 1947 818 1988 DECEMVIRI
839 1946 1053 1988 nominati.
1109 1945 1193 1988 Sed
1223 1948 1320 1989 cum

71 2008 207 2061 primo
258 2020 365 2046 anno
405 2004 511 2047 benc
559 2005 753 2060 egissent,
795 2004 975 2046 secundo
1014 2008 1123 2046 un'us
1164 2019 1216 2045 ex
1255 2003 1318 2054 iis,

73 2064 240 2119 Appius
256 2062 469 2113 Claudius,
485 2062 671 2117 Virginii
691 2062 918 2118 cujusdam,
941 2061 1016 2117 qui
1034 2061 1218 2103 honestis
1231 2061 1321 2116 jam

74 2120 290 2177 stipendiis
310 2126 454 2162 contra
475 2120 651 2161 Latinos
678 2120 722 2160 in
755 2126 897 2162 monte
919 2119 1077 2176 Algido
1097 2119 1319 2169 militabat,

73 2177 201 2220 filiam
219 2177 426 2234 virginem
446 2193 709 2233 corrmnpere
736 2177 870 2220 voluit
886 2193 896 2227 ς
930 2192 1056 2232 quam
1075 2183 1195 2233 pater
1215 2176 1322 2220 occi-

72 2236 149 2286 dit,
170 2251 223 2279 ne
249 2242 443 2292 stuprum
463 2237 487 2278 ὲ
514 2236 747 2278 decemviro
768 2235 1004 2286 sustineret,
1032 2245 1088 2286 et,
1110 2249 1320 2290 regressus
