1533 2542
104 139 154 174 28
561 131 633 169 EU
641 129 806 168 TROPI
815 129 890 167 US.

105 245 237 287 manis
295 242 538 290 traderetur,
587 238 891 297 agl-Prusiam,
935 233 1149 290 Bithyniae
1187 248 1378 288 regan*-

106 303 285 360 Qgerat,
327 300 530 355 repetitus
566 296 706 339 etiam*
721 297 772 337 ab
783 300 986 352 ἑὲςῇ-
1001 290 1346 347 Εἷς-[Σιω-

104 361 220 416 Qu}
258 357 575 415 qurnininum3
636 348 822 395 clf-Tium
873 350 1096 392 tradendus
1146 347 1346 390 Romanis

107 413 606 472 essetfi'enenumbibit,
637 419 679 453 et
710 410 820 465 apud
852 408 1088 462 Libyssam,
1120 406 1164 446 in
1194 405 1347 446 finibus

109 476 150 517 N
155 473 504 519 icomediensium,
525 469 710 524 sepultus
733 474 806 508 est.

167 532 247 574 VI.
282 530 477 583 Philippo
505 542 601 581 rege
624 523 879 566 Macedoniae
907 527 1084 569 mortuo,
1109 519 1245 574 quiet
1277 518 1349 559 ad-

108 605 272 631 versum
295 588 506 628 Romanos
527 584 682 625 bellum
704 587 899 637 gesserat,
923 586 961 620 ct
985 578 1127 632 poste&
1147 575 1350 617 Romanis

109 653 252 688 eontra
275 643 534 685 Antiochum
565 640 767 681 auxilium
789 638 954 685 tulerat,
986 636 1096 676 filins
1118 635 1205 688 ejus
1226 633 1352 674 PER-

110 715 220 746 SEUS
253 703 294 742 in
318 699 566 742 Mwedonizi
601 695 829 743 rebellavit,
861 694 1102 749 ingentibus
1139 691 1266 745 copiis
1298 689 1351 731 ad

109 761 266 803 bellum
305 758 469 814 paratis.
555 756 665 797 Nam
710 754 918 807 adjutores
969 749 1146 790 habebat
1188 747 1346 802 Cotyn,

112 817 299 860 Thraciae
327 831 480 871 regem,
505 820 547 856 et
576 811 749 867 Illyrici,
784 809 988 852 Gentium
1023 807 1202 847 nomine,
1263 804 1352 846 Ro-

111 876 242 917 manis
270 881 410 915 autem
440 873 483 913 in
511 871 711 912 auxilium
734 874 852 909 erant
882 866 1104 913 Eumenes,
1129 862 1243 904 Asiae
1263 876 1351 910 rex,

114 932 357 974 Ariarathes
381 928 663 984 Cappadoeiae,
682 924 918 967 Antiochus
939 922 1082 977 Syriae,
1099 920 1353 962 Ptolemaeus

112 990 310 1045 AEgypti,
348 988 569 1029 Masinissa
607 983 826 1026 Numidiae.
890 980 1060 1021 Prusias
1101 985 1242 1019 autem
1277 976 1353 1017 Bi-

112 1049 282 1103 tliyniae,
306 1045 558 1100 quamquam
590 1057 769 1084 sororem
801 1039 944 1080 Persei
967 1051 1139 1078 uxorem
1167 1035 1352 1082 haberet,

112 1106 301 1158 utrisque
322 1119 365 1145 se
387 1117 551 1157 aequum
578 1099 765 1155 praebuit.
828 1097 889 1152 (A.
907 1108 950 1136 U.
969 1093 1088 1149 582.)
1131 1093 1234 1134 Dux
1267 1091 1356 1132 Ro-

113 1177 327 1204 manorum
351 1161 400 1202 P.
426 1159 615 1201 Licinius
647 1156 789 1198 consul
810 1161 953 1195 contra
983 1167 1078 1193 eum
1099 1151 1247 1191 missus
1278 1155 1354 1197 est,

113 1228 156 1263 et
189 1222 212 1261 εὶ
247 1234 343 1274 rege
378 1218 495 1274 gravi
528 1215 670 1271 proelio
699 1215 844 1254 victus.
910 1211 1060 1262 Neque
1096 1215 1236 1249 tamen
1268 1206 1357 1247 Ro-

114 1278 237 1326 mani,
262 1276 515 1331 quamquain]
542 1272 735 1327 superati,
758 1270 845 1324 regi
875 1267 1034 1322 petenti
1064 1280 1206 1320 pacem
1234 1278 1358 1318 praes-

113 1342 202 1377 tare
234 1335 470 1381 voluerunt,
493 1331 572 1372 nisi
603 1330 665 1370 liis
693 1326 1020 1369 conditionibus:
1056 1331 1102 1364 ut
1131 1338 1169 1362 se
1200 1329 1237 1362 et
1268 1336 1358 1361 suos

114 1395 272 1434 senatui
290 1399 328 1432 et
345 1391 495 1445 populo
518 1393 697 1429 Romano
719 1387 883 1426 defleret.
946 1388 1008 1437 (A.
1028 1393 1072 1422 U.
1093 1378 1211 1431 585.)
1252 1377 1360 1419 Mox

114 1451 261 1491 missus
292 1456 437 1490 contra
464 1462 559 1488 eum
581 1447 632 1486 L.
658 1442 857 1484 AEmilius
879 1440 1053 1481 Paullus
1074 1436 1230 1485 consul,
1253 1445 1295 1477 et
1315 1435 1359 1475 in

116 1507 332 1562 Illyricum
357 1505 406 1547 C.
442 1503 618 1544 Anicius
639 1507 789 1556 przetor
816 1505 959 1539 contra
996 1495 1210 1538 Gentium.
1278 1491 1360 1534 Sed

117 1565 314 1613 Gentius,
335 1562 454 1604 facile
495 1575 578 1601 uno
610 1559 752 1614 proelio
788 1556 935 1602 victus,
977 1568 1074 1594 mox
1110 1567 1153 1593 se
1188 1550 1357 1592 dedidit.

118 1623 262 1663 BIater
282 1623 382 1675 ejus,
406 1627 448 1660 et
469 1633 586 1666 uxor,
617 1625 659 1657 et
681 1616 760 1655 duo
782 1613 869 1661 filii,
899 1611 1028 1652 frater
1049 1623 1216 1662 quoque
1237 1607 1362 1648 simul

116 1681 159 1720 in
180 1684 430 1734 potestatem
451 1676 738 1716 Romanorum
770 1676 986 1712 venerunt.
1050 1667 1119 1708 Ita
1159 1665 1268 1707 bello
1298 1664 1362 1705 in-

117 1745 182 1778 tra
203 1736 376 1791 triginta
396 1735 481 1775 dies
498 1731 694 1787 perfecto,
718 1730 813 1769 ante
835 1727 1050 1782 cognitum
1071 1731 1134 1765 cst
1157 1722 1363 1765 Gentium

120 1794 287 1843 victum,
310 1793 436 1847 quzim
456 1796 635 1844 coeptum
655 1787 811 1828 bellum
832 1784 1107 1825 nuntiaretur.

179 1851 286 1893 VII.
322 1850 431 1892 Cum
453 1848 608 1893 Perseo
632 1852 770 1886 autem
792 1841 993 1884 IEmilius
1014 1839 1189 1880 Paullus
1220 1835 1361 1878 consul

121 1909 244 1951 tertio
288 1908 432 1948 Nonas
476 1902 732 1959 Septembris
773 1899 999 1946 dimicavit,
1033 1896 1217 1948 vicitque
1254 1907 1362 1942 eum,

120 1965 272 2021 viginti
312 1963 494 2004 millibus
537 1961 723 2016 peditum
771 1959 859 2012 ejus
895 1954 1050 1997 occisis.
1133 1950 1364 2005 Equitatus

123 2039 218 2066 cum
240 2037 338 2077 rege
359 2020 470 2076 fugit
491 2019 679 2073 integer3
713 2016 999 2056 Romanorum
1020 2017 1190 2052 ce'ntum
1210 2007 1366 2049 milites

125 2080 263 2122 amissi
295 2085 417 2126 sunt3
450 2078 573 2118 urbes
596 2072 854 2115 Macedoniae
885 2084 1039 2117 omnes,
1064 2082 1166 2121 quas
1196 2080 1273 2106 rex
1302 2070 1366 2105 te-

124 2144 285 2187 nuerat,
303 2135 504 2177 Romanis
525 2148 568 2174 se
589 2131 849 2173 dediderunt.
912 2128 1009 2182 Ipse
1030 2141 1116 2173 rex,
1135 2125 1230 2179 oiim
1251 2122 1366 2163 dese-

124 2202 285 2237 reretur
306 2193 358 2234 ab
389 2192 544 2240 amicis,
577 2190 692 2232 venit
724 2188 766 2228 in
795 2185 935 2227 Paulli
956 2188 1218 2238 potestatem.
1283 2178 1368 2221 Sed

124 2253 322 2294 honorem
344 2250 383 2292 ei
404 2248 619 2296 AEmssius,
642 2261 725 2287 non
747 2243 865 2298 quasi
887 2243 1010 2290 victo,
1034 2239 1192 2281 habuit.
1256 2236 1367 2278 Nam

126 2316 170 2351 et
200 2309 409 2351 volentem
440 2307 492 2348 ad
522 2306 647 2360 pedes
678 2303 753 2344 :sibi
786 2302 944 2350 cadere,
978 2313 1061 2339 non
1092 2294 1294 2352 permisit,
1325 2298 1368 2334 et
