1533 2542
104 79 156 115 :30
560 76 594 112 Ε
601 76 631 114 U
641 76 709 112 ΤΒ
716 74 891 113 OPIUS.

105 201 208 236 mea,
232 186 318 228 dux
346 186 463 234 alius,
498 185 703 239 equitatui
730 190 902 238 praecrat
925 182 1345 238 Carthaginiensium.

107 242 246 299 Scipio
277 250 390 293 tunc,
430 242 633 298 Scipionis
667 241 858 282 Africani
889 255 1030 295 nepos,
1064 241 1255 282 tribunus
1290 239 1348 281 ibi

104 301 321 344 militabat.
401 300 543 354 Hujus
571 299 681 354 apud
713 313 853 340 onmes
883 298 1029 353 ingens
1057 304 1192 339 metus
1218 303 1260 338 et
1284 312 1348 339 re-

104 359 292 402 verentia
311 365 411 400 erat.
475 358 585 399 Nam
612 363 654 398 et
678 355 959 411 paratissimus
987 355 1039 396 ad
1069 354 1348 396 dimicandum

104 422 148 458 et
176 416 502 458 consultissimus
522 414 761 455 habebatur.
825 412 978 466 Itaque
997 427 1071 467 per
1091 426 1185 453 eum
1218 411 1349 453 multa

104 474 298 529 prospere
331 474 356 514 εὶ
389 472 625 513 consulibus
666 476 782 525 gesta
822 476 931 510 sunt.
993 469 1087 510 Nec
1121 469 1349 522 quidquam

105 530 236 585 magis
276 530 342 572 vel
374 528 625 577 Hasdrubal,
657 527 725 569 vel
765 526 950 568 Phamea
979 526 1181 575 vitabant,
1224 526 1350 580 quam

105 594 248 628 contra
288 602 378 628 eain
424 586 708 627 Romanorum
758 590 917 639 partem
952 583 1224 632 committere,
1277 582 1350 624 ubi

108 643 248 698 Scipio
268 644 500 685 dimicabat.

167 701 253 742 XI.
287 701 348 757 (A.
365 713 409 742 U.
427 700 547 756 605.)
579 700 663 741 Per
684 699 793 741 idem
826 706 990 753 tempus
1013 698 1244 746 Masinissa,
1276 712 1350 739 rex

107 759 400 808 Numidarum,
423 773 497 812 per
525 772 653 799 annos
681 757 894 811 sexaginta
921 756 1006 797 fere
1028 756 1183 797 amicus
1205 755 1348 810 populi

107 817 302 865 Romani,
345 831 453 857 anno
490 815 586 857 vitae
625 814 890 869 nonagesimo
931 813 1105 868 septimo
1146 820 1348 862 mortuus,

109 874 384 929 quadraginta
417 880 596 927 quatuor
627 872 721 913 filiis
751 871 919 920 relictis,
946 870 1180 925 Scipionem
1201 870 1348 912 diviso·

108 947 197 974 rem
218 931 337 987 regni
352 931 462 973 inter
482 930 587 971 filios
608 945 694 971 esse
709 929 846 983 jussit.

167 989 281 1030 XII.
315 988 425 1031 Csun
457 988 587 1044 igitur
619 987 775 1029 clarum
813 986 1016 1041 Scipionis
1047 1000 1198 1027 nomen
1229 993 1350 1035 esset,

104 1046 453 1102 juveni-smadhuc
505 1045 648 1087 consul
699 1051 760 1086 est
810 1044 947 1086 sactus
987 1043 1050 1099 (A.
1074 1056 1118 1085 U.
1150 1045 1265 1098 606),
1308 1050 1352 1086 et

108 1110 252 1162 contra
294 1103 589 1158 Carthaginem
629 1103 776 1143 naifsus
827 1102 887 1158 (A.
916 1114 960 1143 U.
995 1101 1111 1156 607).
1176 1102 1220 1142 Is·
1261 1116 1351 1143 eam
1395 1128 1414 1132 —-

109 1159 233 1217 cepit
255 1176 301 1202 ac
333 1160 493 1210 ‘dh-uit„
541 1159 680 1214 Spolia
713 1159 770 1200 ibi
801 1159 983 1209 inventa,
1018 1174 1110 1214 quae
1145 1159 1353 1201 variarum

109 1219 325 1261 civitatum
347 1217 515 1259 excidiis
539 1217 747 1271 Carthago
769 1217 1016 1271 collegerat3
1049 1224 1092 1258 et
1113 1224 1353 1258 ornamenta

108 1276 276 1318 urbium
308 1275 544 1317 civitatibus
587 1273 750 1323 Siciliae,
790 1274 935 1322 Italiae,
975 1274 1124 1316 Africae
1159 1274 1350 1324 reddidit,

110 1349 203 1388 quae
240 1349 313 1374 sua
345 1332 706 1387 recognoscebant.
770 1330 845 1384 Ita
860 1330 1085 1387 „Carthago
1114 1332 1352 1387 septingen-

109 1391 257 1433 tesimo
285 1405 406 1439 anno,
430 1391 554 1444 quam
580 1389 746 1430 condita
778 1396 877 1437 erat,
909 1389 1146 1439 deletaffssst.
1215 1389 1352 1444 Scipio

109 1463 273 1497 nomen,
312 1448 423 1502 quod
455 1462 556 1488 avus
592 1447 680 1501 ejus
711 1454 935 1501 acceperut,
971 1447 1148 1495 meruit3
1183 1447 1350 1496 scilicet,

109 1512 159 1548 ut
198 1512 365 1560 propter
399 1505 599 1546 virtutem
651 1504 775 1545 etiam
814 1504 901 1558 ipse
951 1503 1178 1546 Africanus
1212 1504 1353 1557 junior

109 1569 340 1606 vocaretur.

169 1620 308 1660 XIII.
356 1620 530 1660 Interim
575 1619 618 1659 in
660 1618 907 1660 Macedonia
940 1619 1108 1673 quidam
1141 1619 1353 1661 PSEUDO-

111 1679 376 1720 PHILIPPUS
411 1692 523 1718 arma
543 1676 686 1725 movit,
721 1683 763 1717 et
783 1676 1022 1717 Romanum
1042 1685 1271 1731 praetorem,
1299 1677 1349 1718 P.

109 1735 143 1777 J
145 1735 374 1784 uventium,
393 1740 537 1776 contra
557 1749 600 1775 se
620 1734 803 1782 missum,
826 1734 878 1775 ad
898 1734 1221 1776 internecionem
1237 1735 1350 1777 vicit.

110 1792 217 1835 Post
237 1807 333 1833 eum
355 1792 408 1844 Q.
435 1791 626 1835 Caecilius
647 1791 845 1832 Metellus
866 1791 951 1832 dux
979 1792 1004 1832 a
1023 1791 1224 1833 Romanis
1257 1807 1354 1834 con-

110 1857 177 1892 tra
197 1849 630 1903 Pseudo-Philippum
651 1848 798 1890 missus
827 1855 903 1899 est,
926 1856 968 1890 et
996 1849 1146 1904 viginti
1168 1850 1353 1904 quinque

111 1907 294 1949 millibus
315 1921 367 1948 ex
396 1906 597 1947 militibus
629 1907 716 1960 ejus
747 1906 901 1955 occisis,
931 1906 1220 1949 Macedoniam
1241 1922 1354 1949 rece-

111 1964 200 2020 pit3
232 1964 369 2019 ipsum
408 1964 533 2005 etiam
555 1963 989 2018 Pseudo-Philippum
1024 1963 1080 2017 in,
1103 1971 1353 2019 potestatem

113 2036 229 2064 suam
248 2021 421 2075 redegit.

170 2079 246 2120 XI
253 2078 304 2121 V.
330 2077 616 2121 CORINTHIIS
629 2093 796 2133 quoque
809 2078 964 2119 bellum
978 2078 1181 2120 indictum
1191 2086 1266 2129 est,
1281 2094 1354 2121 no-

113 2136 318 2179 bilissimae
336 2135 507 2178 Graeciae
521 2135 694 2185 civitati,
715 2142 884 2191 propter
907 2135 1101 2191 injuriam
1121 2135 1354 2192 legatorum

113 2191 410 2236 Romanorum.
476 2193 601 2235 Hanc
614 2193 847 2234 Mummius
863 2193 1007 2235 consul
1023 2193 1134 2249 cepit
1149 2209 1197 2235 ac
1210 2194 1350 2236 diruit.

113 2249 178 2303 (A.
194 2263 239 2293 U.
265 2250 383 2307 607.)
431 2250 534 2293 Tres
574 2251 703 2306 igitur
744 2250 890 2293 Romae
937 2251 1061 2293 simul
1100 2251 1351 2294 celeberrimi
