1512 2578
217 136 237 187 )
561 111 712 150 BOOK
739 112 815 149 111.
1256 119 1302 153 :11

69 229 157 262 tuin
184 220 266 261 tria
290 220 418 261 millia
445 227 487 262 et
509 218 740 276 quingenti.
804 219 856 262 In
874 221 1026 276 quibus
1048 222 1164 264 milis
1185 238 1307 266 nemo

67 285 204 319 tamen
225 276 511 319 Romanorum
532 279 643 332 pacis
668 279 921 320 mentionem
942 279 1090 320 liz-lbcic
1111 280 1306 335 dignatus

64 342 139 377 est.
187 333 319 384 Servi,
342 335 454 390 quod
470 350 686 390 nunquam
707 337 817 386 autc,
840 337 1076 378 manumissi
1099 345 1137 380 et
1154 338 1306 380 milites

63 391 164 435 facti
185 398 286 434 sunt

123 449 210 492 XI.
244 450 350 493 Post,
370 465 460 493 eam
482 466 663 506 pugnam
685 451 826 493 multae
848 451 981 492 Italiae
996 452 1196 501 civitates,
1214 467 1307 506 quae

64 506 267 550 Romanis
287 516 522 563 paruerant,
545 524 588 550 se
609 509 660 550 ad
684 508 967 550 Hannibalem
988 510 1303 552 transtulerunt.

65 564 283 607 Hannibal
317 565 518 607 Romanis
549 566 715 615 obtulit,
748 573 796 608 ut
815 567 1000 632 captivos
1030 567 1303 613 lediinerent.

63 637 390 695 iesponsurnque
411 630 473 665 est
493 640 515 665 a
537 631 696 673 senatu,
728 639 796 665 eos
824 624 887 666 civ
892 639 934 665 es
955 639 1037 665 non
1059 640 1144 666 csse
1166 639 1306 666 neccs-

63 681 204 729 sarios,
227 680 313 734 qui,
335 681 432 722 cum
459 681 607 722 armati
630 696 692 722 ess
677 690 779 730 sent,
809 682 900 736 capi
919 682 1162 736 potuissent.
1226 682 1305 724 Ille

63 751 205 779 omnes
220 738 362 792 postea
378 737 501 779 variis
522 738 732 792 suppliciis
750 739 973 787 interfecit,
991 748 1033 780 ct
1050 747 1133 780 tres
1149 740 1306 780 modios

63 809 283 836 aureorum
304 795 552 836 annulorum
576 795 875 851 Carthaginem
902 796 1025 844 misit,
1053 811 1156 850 quos
1177 811 1198 838 e
1221 812 1306 837 ma-

62 852 185 894 nibus
219 853 411 907 equitum
446 852 745 902 Romanorum,
783 860 1020 895 senatorum
1051 863 1093 895 ct
1125 853 1306 896 militum

62 909 310 952 detraxerat.
376 910 544 952 Interea
569 910 616 952 in
644 910 861 966 Hispania,
890 911 962 952 ubi
988 911 1119 953 frater
1141 911 1305 952 Hanni-

62 967 165 1009 balis
199 967 438 1010 Hasdrubal
469 975 723 1011 remanserat
747 983 843 1009 cum
865 983 1016 1024 mag-no
1035 969 1234 1017 exercitu,
1258 975 1306 1010 ut

62 1035 153 1066 eam
187 1031 322 1066 totam
359 1024 479 1066 Afris
514 1025 738 1080 subigeret,
771 1027 796 1067 a„
827 1026 989 1067 duobus
1028 1025 1304 1080 Scipionibus,

62 1082 263 1124 Romanis
275 1083 463 1133 ducibus,
473 1082 670 1133 vincitur,
686 1083 905 1138 perditque
921 1083 964 1124 in
980 1084 1121 1139 pugna
1134 1083 1306 1139 triginta

62 1140 249 1195 qhinque
281 1140 411 1182 millia
441 1140 666 1182 hominum.
729 1141 799 1188 Ex
826 1141 889 1182 his
919 1142 1154 1196 capiuntur
1165 1141 1322 1190 decem.

61 1197 215 1248 millia3
247 1198 495 1240 occiduntur
522 1198 899 1263 vigintiquinque.
954 1198 1190 1240 Mittuntur
1221 1199 1259 1240 ei
1281 1214 1304 1239 a

64 1253 480 1311 Carthaginiensibus
500 1252 552 1296 ad
561 1235 822 1310 reparandas
844 1256 951 1296 vires
972 1255 1186 1297 duodecim
1214 1255 1305 1296 mil-

63 1312 117 1353 lia
156 1313 359 1367 peditum,
399 1319 578 1367 quatuor
618 1313 746 1354 millia
786 1313 989 1367 equitum,
1032 1313 1182 1369 viginti
1223 1313 1304 1355 ele-

63 1370 218 1424 phanti.

121 1427 233 1469 XII.
258 1430 320 1475 (A.
337 1441 381 1469 U.
406 1427 526 1482 539.)
559 1428 687 1468 Anno
704 1435 853 1481 quarto
874 1435 979 1482 post,
1003 1429 1127 1481 quain
1152 1429 1195 1469 in
1218 1427 1305 1469 Ita-

63 1485 158 1526 liam
181 1485 396 1527 Hannibal
416 1485 544 1534 venit,
576 1485 638 1525 Μ.
664 1484 865 1527 Claudius
894 1485 1120 1527 Marcellus
1145 1486 1303 1535 consul,

61 1543 172 1598 apud
203 1543 370 1592 Nolam,
397 1543 608 1584 civitatem
639 1541 889 1597 Campaniae,
912 1550 1058 1584 contra
1086 1543 1304 1585 Hannibae

61 1600 144 1642 lem
154 1601 266 1656 ‘bene
281 1600 495 1656 pugnavit.
546 1599 759 1641 Hannibal
775 1601 928 1641 multas
943 1600 1132 1642 civitates
1148 1600 1305 1641 Roma-

62 1673 211 1700 norum
226 1673 300 1713 per
313 1657 526 1713 Apuliam,
547 1656 784 1699 Calabriam
801 1665 840 1699 et
856 1657 1047 1699 Bruttios
1064 1658 1301 1712 occupavit3

61 1730 145 1770 quo
166 1722 350 1770 tempore
371 1715 495 1756 etiam
523 1729 598 1756 rex
620 1714 876 1756 Macedonia}
897 1714 1115 1769 Philippus
1136 1715 1185 1755 ad
1209 1730 1303 1756 eum

60 1773 218 1828 legatos
238 1773 364 1821 misit,
387 1771 634 1827 promittens
655 1772 811 1812 auxilia
831 1780 973 1813 contra
993 1771 1205 1814 Romanos
1226 1771 1303 1813 sub

60 1830 136 1871 hac
156 1829 403 1878 conditione,
427 1835 488 1877 ut,
512 1828 657 1869 deletis
674 1829 886 1877 Romanis,
909 1829 996 1883 ipsc
1017 1843 1185 1883 quoque
1206 1844 1303 1871 con-

60 1894 125 1928 tra
147 1886 315 1930 Graecos
345 1887 398 1928 ab
432 1885 672 1927 Hannibale
700 1886 855 1927 auxilia
882 1886 1095 1940 acciperet.
1157 1886 1303 1941 Captis

59 1945 190 2001 igitur
208 1944 356 2000 legatis
386 1943 573 1998 Philippi
604 1950 646 1984 et
672 1943 914 1998 recognita,
944 1944 1123 1984 Romani
1143 1944 1186 1984 in
1208 1944 1303 1985 Ma-

58 2001 272 2044 cedoniam
305 2001 368 2043 M.
402 2001 619 2043 Valerium
648 2001 869 2043 Laevinum
900 2001 962 2042 ire
985 2001 1227 2056 jusserunt3
1258 2001 1302 2043 in

62 2059 294 2102 Sardiniam
337 2059 388 2100 Τ.
430 2058 640 2100 Manlium
691 2059 953 2112 Torquatum
999 2059 1299 2113 proconsulem.

61 2117 174 2158 Nam
200 2116 325 2158 etiam
352 2131 401 2158 ea
427 2116 647 2158 sollicitata
667 2117 718 2158 ab
742 2116 980 2158 Hannibale
1001 2116 1211 2157 Romanos
1231 2116 1301 2157 de·-

59 2180 254 2216 seruerat.

118 2230 258 2272 XIII.
292 2230 362 2272 Ita
380 2246 464 2273 uno
481 2237 668 2285 tempore
690 2238 869 2285 quatuor
889 2231 988 2272 locis
1008 2231 1297 2286 pugnabatur:

60 2288 101 2330 in
124 2287 249 2331 Italia
263 2295 406 2331 contra
428 2288 734 2337 Hannibale1n3
761 2289 801 2329 in
829 2288 1041 2344 Hispaniis
1056 2293 1200 2330 contra
1215 2286 1298 2329 frai-
