1512 2558
594 128 739 167 BOOK
767 129 860 166 VII.
1294 135 1337 171 51

101 236 337 287 commovit,
361 237 488 279 frater
501 238 601 292 ejus,
618 237 689 291 qui
711 252 806 279 cum
825 237 984 280 Caesarc
1004 247 1147 280 contra
1161 238 1344 282 Brutum

102 293 377 349 Cassiumque
399 295 675 337 dimicaverat.
712 296 774 350 (A.
794 308 838 336 U.
864 295 982 344 712.)
1021 295 1063 337 Is
1085 296 1194 351 apud
1210 296 1346 338 Peru-

101 352 216 402 siam,
242 352 404 395 Tuseiae
435 353 660 402 civitatem,
684 353 818 394 victus
851 359 893 394 ct
929 360 1074 408 captus
1106 361 1180 402 est,
1207 368 1345 408 neque

102 410 268 451 occisus.

161 467 241 509 IV.
275 468 338 521 (A.
358 480 400 509 U.
436 467 555 521 712.)
596 467 774 510 Interim
802 485 825 509 ι
857 467 986 510 Sexto
1015 467 1231 522 Pompeio,
1263 467 1343 511 Cn.

102 524 293 581 Pompeii
331 525 480 581 Magni
515 525 615 574 filio,
650 526 795 580 iugens
827 526 982 566 bellum
1005 525 1048 565 in
1074 524 1214 567 Sicilia
1235 541 1346 567 com-

101 590 263 624 motum
284 590 359 632 est,
395 584 471 632 his,
502 583 575 637 qui
597 584 886 639 superfuerant
925 598 976 624 ex
1006 583 1194 637 partibus
1221 583 1347 625 Bruti

51 639 55 647 ¹
103 639 334 694 Cassiique,
356 641 407 681 ad
425 655 520 683 eum
536 641 850 682 confluentibus.
895 640 1107 681 Bellatum
1123 655 1196 695 per
1211 639 1347 682 Caesa-

101 711 189 739 rem
204 698 448 753 Augustum
467 698 745 740 Octavianum
763 706 804 739 et
824 697 885 738 M.
899 698 1132 739 Antonium
1146 698 1343 740 adversus

107 754 284 797 Sextum
302 755 562 810 Pompeium.
606 758 668 811 (A.
688 767 730 796 U.
758 759 873 810 713.)
905 755 998 796 Pax
1018 755 1228 810 postremo
1249 770 1347 797 con-

102 813 230 855 venit.

164 870 218 912 V.
253 871 315 927 (A.
333 883 378 912 U.
403 872 522 927 715.)
552 871 618 913 Eo
641 878 826 925 tempore
849 870 911 911 M.
933 870 1125 926 Agrippa
1146 870 1189 911 in
1211 870 1348 927 Aqui-

104 928 219 970 tania
253 944 340 970 rem
376 929 570 984 prospere
607 929 757 984 gessit3
791 935 832 969 et
864 928 916 968 L.
943 928 1170 970 Ventidius
1192 927 1348 970 Bassus

104 986 382 1042 irrumpentes
414 987 458 1027 in
497 985 662 1041 Syriam
696 985 844 1026 Persas
879 985 1014 1027 tribus
1048 985 1201 1041 proeliis
1236 985 1349 1027 vicit.

104 1044 168 1100 (A.
183 1055 227 1085 U.
253 1044 371 1091 715.)
408 1044 627 1093 Pacorum,
662 1043 770 1098 regis
795 1042 945 1085 Orodis
967 1043 1111 1092 filium,
1144 1043 1351 1084 interfecit

106 1116 155 1143 eo
190 1102 279 1157 ipso
313 1101 391 1151 die,
435 1116 518 1156 quo
555 1101 652 1143 olim
688 1100 861 1150 Orodes,
900 1100 1123 1142 Persarum
1159 1115 1246 1150 reX,
1277 1115 1351 1156 per

106 1158 253 1201 ducem
274 1158 491 1210 Surenam,
516 1158 713 1201 Crassum
733 1158 950 1200 occiderat.
1016 1158 1101 1200 Hic
1122 1159 1278 1213 primus
1299 1158 1350 1200 de

107 1216 277 1258 Parthis
291 1217 566 1272 justissimum
583 1216 840 1271 triumphum
862 1215 1007 1257 Romae
1028 1215 1125 1271 egit.

167 1274 248 1315 VI.
283 1277 401 1329 (Αῐυ.
419 1277 533 1324 715.)
569 1274 747 1316 Interim
762 1273 987 1328 Pompeius
1004 1288 1148 1328 pacem
1159 1273 1286 1328 rupit,
1308 1278 1350 1314 et

107 1332 244 1387 navali
274 1332 417 1387 proelio
446 1332 580 1373 victus
615 1336 730 1385 (AX.
758 1332 876 1381 717),
907 1330 1070 1385 fugiens
1103 1331 1155 1371 ad
1189 1330 1351 1380 Asiam,

109 1389 353 1432 interfectus
379 1396 452 1431 est.
519 1389 744 1438 Antonius,
781 1388 853 1442 qui
876 1388 1023 1429 Asiam
1050 1388 1352 1442 Orientemque

109 1446 293 1499 tenebat,
335 1446 554 1502 repudiata
594 1461 731 1488 sorore
783 1445 956 1489 Caesaris
994 1444 1182 1500 Augusti
1224 1444 1350 1488 Oeta-

109 1505 233 1554 viani,
266 1504 544 1559 Cleopatram,
576 1504 760 1560 reginam
782 1503 981 1559 sEgypti,
1009 1503 1350 1556 'duxit-uxorem.

111 1563 170 1617 (A.
184 1574 229 1604 U.
264 1564 382 1613 717.)
445 1560 604 1605 Contra
654 1560 803 1602 Persas
834 1560 920 1615 ipse
956 1560 1083 1602 etiam
1123 1560 1350 1615 pugnavit3

109 1620 254 1675 primis
286 1635 356 1662 eos
395 1619 549 1674 proeliis
576 1619 702 1666 vicit;
737 1618 974 1673 regrediens
1002 1626 1141 1659 tamen
1172 1618 1280 1659 fame
1311 1625 1354 1659 et

110 1678 349 1733 pestilentia
368 1676 582 1718 laboravit.
645 1676 705 1717 Et
726 1677 821 1717 eum
852 1676 1057 1716 instarent
1077 1674 1226 1717 Parthi
1246 1675 1355 1730 fugi-

111 1735 212 1784 enti,
235 1735 321 1789 ipse
341 1749 416 1789 pro
432 1734 542 1776 victo
562 1733 741 1775 recessit.

171 1791 280 1834 VII.
318 1795 378 1845 (A.
393 1804 438 1833 U.
462 1791 576 1842 721.)
607 1789 693 1832 Hic
707 1804 872 1844 quoque
893 1790 1039 1845 ingens
1058 1789 1214 1831 bellum
1234 1789 1353 1831 civile

112 1849 350 1898 commovit,
373 1856 548 1905 cogente
569 1863 698 1890 uxore
722 1847 958 1902 Cleopatra,
990 1847 1133 1903 regina
1155 1846 1354 1902 AEgypti,

112 1908 212 1950 dum
233 1907 461 1962 eupiditate
481 1906 674 1947 muliebri
695 1912 811 1960 optat
833 1906 958 1946 etiam
978 1905 1022 1945 in
1042 1906 1144 1946 urbe
1165 1919 1350 1960 regnare.

118 1969 180 2020 (A.
197 1977 241 2007 U.
264 1966 381 2017 722.)
407 1964 559 2019 Victus
580 1970 642 2005 est
663 1965 714 2004 ab
733 1963 929 2019 Augusto
942 1962 1079 2004 navali
1094 1964 1233 2018 pugna
1247 1962 1355 2004 clara

113 2029 158 2064 et
177 2022 329 2079 illustri
344 2022 456 2078 apud
477 2020 665 2071 Actium,
684 2020 756 2075 qui
767 2019 883 2063 loeus
897 2021 942 2062 in
960 2020 1093 2076 Epiro
1111 2027 1188 2070 est,
1205 2035 1260 2062 ex
1275 2019 1358 2074 qua

116 2077 226 2136 ffi‘git
243 2079 292 2122 in
312 2079 582 2135 AEgyptum3
614 2085 659 2120 et
677 2079 904 2134 desperatis
930 2079 1067 2126 rebus,
1089 2079 1186 2119 eum
1216 2092 1358 2119 omnes

116 2136 168 2179 ad
192 2137 433 2193 Augustum
449 2136 689 2185 transirent,
703 2136 853 2191 ipsese.
865 2135 1100 2179 interemit:
1135 2133 1359 2189 Cleopatra

117 2195 195 2236 sibi
231 2208 275 2236 as
305 2193 416 2235 idem
445 2193 631 2243 admisit,
662 2199 706 2235 et
744 2206 905 2235 veneno
933 2193 1023 2243 ejus
1042 2191 1252 2233 exstincta.
1281 2199 1357 2233 est.

117 2251 339 2308 AEgyptus
364 2244 459 2307 per-
471 2247 751 2293 Octavianum
790 2249 1035 2304 Augustum
1066 2249 1238 2304 imperio
1272 2249 1360 2290 Ro-

119 2324 240 2351 mano
280 2308 447 2363 adjecta
479 2315 554 2358 est,
591 2307 919 2363 praepositusque
949 2307 987 2346 ei
1023 2305 1102 2349 Cn.
1142 2305 1360 2349 Cornelius

710 2378 732 2399 υ
757 2372 775 2398 2
