1533 2542
164 106 215 140 44
625 103 955 168 EUTROPIUS.

729 163 827 198 Γ]
913 167 920 179 ,f

163 213 251 263 lum
275 212 430 261 intulit.
496 212 574 253 Ille
605 227 646 253 se
674 212 712 253 ei
727 183 870 261 dedit,
900 218 942 252 et
977 211 1020 251 in
1053 217 1188 252 castra
1215 210 1407 265 Pompeii

162 277 280 311 sexto
302 270 459 311 decimo
482 258 673 310 milliario
695 271 746 310 ab
769 268 978 309 Artaxata
999 269 1127 317 181111,
1150 282 1197 309 ac
1219 268 1407 309 diadema

162 342 295 377 suum,
330 329 425 369 cum
453 326 739 381 procubuisset
769 326 819 365 ad
850 341 987 379 genua
1013 325 1258 380 Pompeii,
1247 341 1291 366 1n
1319 339 1406 366 ma-

161 385 285 426 nibus
321 385 398 440 ipsi
434 384 677 432 collocavit3
722 383 834 436 quod
870 383 907 423 ei
943 383 1170 437 Pompeius
1204 382 1403 437 reposuit,

160 442 468 495 honorificeque
489 456 583 482 eum
604 441 807 488 habitum,
836 439 953 494 regni
981 446 1121 480 tamen
1149 448 1267 494 parte
1297 439 1404 481 mul-

160 499 278 548 tavit,
321 507 362 540 et
402 499 549 553 grandi
589 498 773 552 pecunia.
850 496 1034 537 Ademta
1075 503 1138 537 est
1177 496 1215 537 ei
1267 497 1403 551 Syria,

160 556 370 605 Phoenice,
408 555 625 609 Sophene:
661 570 733 595 sex
764 554 893 594 millia
922 554 1121 608 praeterea
1151 553 1404 595 talentorum

159 614 333 668 argent-i,
357 628 449 666 quae
470 612 622 667 populo
644 612 834 653 Romano
859 611 989 660 daret,
1019 611 1117 665 quia
1137 610 1294 652 bellum
1315 611 1404 654 sine

157 670 280 711 causa
301 670 501 712 Romanis
522 669 820 711 commovisset.

216 728 349 770 XIV.
383 727 609 782 Pompeius
641 742 739 768 mox
774 726 898 767 etiam
935 726 1113 767 Albanis
1147 726 1303 768 bellum
1338 727 1403 768 in-

157 785 268 834 tulit,
292 794 334 826 et
355 800 497 826 eorum
518 799 656 839 regem
688 784 855 826 Oroden
877 790 941 824 ter
960 784 1073 833 vicit,
1096 784 1305 838 postremo
1327 799 1401 839 per

157 843 349 897 epistolas
391 850 432 883 et
468 857 640 883 munera
674 850 858 895 rogatus,
897 842 1060 882 veniam
1098 842 1134 882 ei
1176 856 1222 882 ae
1258 856 1400 896 pacem

156 900 282 941 dedit.
347 900 495 941 Iberiae
524 914 691 954 quoque
718 914 858 953 rege-m
888 899 1076 939 Artocen
1105 899 1205 940 vicit
1234 899 1334 949 acie,
1358 905 1402 941 et

156 958 200 998 in
235 957 487 999 deditionem
520 957 690 1011 accepit.
754 935 998 997 Armeniam
1035 956 1235 997 minorem
1273 956 1401 998 Deio-

155 1022 258 1064 taro,
293 1015 469 1057 Galatiae
489 1015 590 1070 regi,
620 1015 803 1063 donavit,
834 1014 933 1068 quia
954 1014 1087 1055 socius
1110 1014 1205 1055 belli
1228 1013 1400 1055 Mithri-

155 1072 280 1113 datici
320 1072 467 1113 fuerat.
531 1072 680 1113 Attalo
722 1079 764 1113 et
805 1072 1035 1127 Pylaemeni
1071 1071 1399 1127 Paphlagoniam

154 1130 354 1178 reddidit3
380 1129 671 1171 Aristarchum
692 1129 858 1171 Colchis
879 1144 1019 1184 regem
1039 1129 1246 1184 imposuit.
1292 1129 1398 1171 Mox

154 1186 330 1228 Ituraeos
352 1194 394 1228 et
424 1187 586 1229 Arabas
608 1187 736 1236 vicit3
770 1193 812 1227 et
833 1187 928 1228 cum
950 1187 1130 1228 venisset
1150 1187 1194 1227 in
1218 1186 1396 1242 Syriam,

156 1243 400 1294 Seleuciam,
442 1245 621 1286 vicinam
662 1244 898 1285 Antiochiae
938 1244 1164 1294 civitatem,
1202 1245 1398 1287 libertate

153 1301 335 1352 donavit,
365 1302 476 1356 quod
498 1317 637 1357 regem
667 1302 879 1356 Tigranen
900 1317 983 1343 non
1010 1303 1242 1357 recepisset.
1305 1302 1398 1344 An-

152 1359 432 1401 tiochensibus
468 1360 630 1401 obsides
666 1360 871 1401 reddidit:
911 1360 1172 1414 aliquantum
1203 1375 1398 1415 agrorum

151 1416 476 1471 Daphnensibus
508 1418 635 1466 dedit,
668 1417 752 1470 quo
782 1418 899 1459 lucus
931 1417 988 1458 ibi
1018 1418 1235 1472 spatiosior
1263 1418 1395 1468 fieret,

150 1474 382 1517 delectatus
413 1475 651 1516 amoenitate
681 1475 775 1524 1081,
808 1482 850 1516 et
888 1490 1090 1529 aquarum
1127 1476 1393 1518 abundantia.

150 1531 212 1587 (A.
230 1544 273 1573 U.
299 1532 418 1588 690.)
469 1533 573 1573 Inde
605 1533 656 1573 ad
684 1532 717 1574 J
721 1533 882 1573 udaeam
914 1540 1208 1587 transgressus,
1243 1533 1396 1575 Hiero-

151 1589 321 1643 solyma,
358 1597 484 1644 caput
516 1590 665 1645 gentis,
698 1590 821 1631 tertio
852 1605 992 1631 mense
1022 1590 1145 1645 cepit,
1178 1590 1396 1633 duodecim

150 1646 332 1688 millibus
360 1647 393 1689 J
395 1648 606 1688 udaeorum
631 1647 785 1696 occisis,
818 1648 964 1688 ceteris
992 1647 1035 1687 in
1056 1648 1179 1690 fidem
1202 1649 1391 1703 acceptis.

152 1703 234 1745 His
249 1704 390 1759 gestis,
413 1704 457 1745 in
479 1703 626 1745 Asiam
643 1720 685 1746 se
706 1705 875 1760 recepit,
898 1712 939 1747 et
960 1705 1086 1747 finem
1107 1705 1394 1761 antiquissimo

149 1761 258 1802 bello
280 1761 405 1803 dedit..

209 1818 316 1860 XV.
351 1819 413 1860 M.
439 1819 579 1860 Tullio
604 1819 819 1870 Cicerone,
842 1827 1017 1869 oratore,
1041 1828 1084 1871 et
1114 1819 1391 1872 C.⁷Ant9ni0,

150 1870 400 1926 consulibus,
431 1892 539 1918 anno
567 1878 618 1918 ab
646 1877 749 1918 urbe
777 1877 942 1919 condita
961 1878 1257 1920 sexcentesimo
1279 1886 1393 1921 octo·

151 1933 304 1987 gesimo
341 1948 450 1974 nono
489 1935 551 1987 (Α.
567 1946 612 1976 U.
638 1935 776 1989 690)
787 1935 840 1975 L.
878 1935 1047 1990 Sergius
1070 1934 1279 2000 Catilina,
1317 1951 1393 1978 no-

149 1989 338 2030 bilissimi
372 1991 533 2045 generis
563 1991 639 2040 vir,
673 1992 743 2032 sed
775 1991 931 2046 ingenii
949 1991 1226 2047 pravissimi
1230 1993 1303 2039 ad
1320 1993 1392 2035 de-

147 2046 313 2088 lendam
362 2048 537 2102 patriam
578 2049 830 2102 conjuravit
849 2064 944 2105 811111
985 2050 1232 2105 quibusdam
1271 2050 1391 2093 claris

150 2103 331 2158 quidem,
374 2105 446 2146 sed
491 2105 728 2171 audaeibus,
770 2105 881 2148 viris.
959 2106 1004 2147 A
1047 2106 1253 2155 Cicerone
1260 2109 1391 2155 urbe

148 2160 345 2215 expulsus
373 2169 461 2203 est.
496 2163 594 2204 socii
622 2163 709 2217 ejus
737 2163 1014 2218 deprehensi
1003 2179 1048 2206 m
1071 2178 1232 2206 carcere
1256 2172 1390 2207 stran-

147 2218 281 2282 gulati
315 2226 425 2261 sunt.
485 2219 556 2264 Ab
593 2220 795 2270 Antonio,
827 2221 957 2264 altero
982 2222 1171 2275 consule²
1207 2221 1389 2265 Catilina

147 2274 234 2329 ipse
254 2276 396 2330 proelio
417 2277 551 2319 victus
573 2284 635 2319 est
656 2285 699 2321 et
718 2278 1007 2340 interfectus&
