1533 2542
107 123 159 157 40
568 116 898 156 EUTROPIUS.

109 227 230 268 Missi
261 231 359 269 sunt
381 232 526 269 contra
556 241 649 267 eum
681 225 806 266 duces
838 224 890 278 Q.
917 224 1109 268 Caecilius
1138 225 1352 274 Metellus,

108 285 217 326 filius
242 285 343 339 ejus,
367 284 440 338 qui
465 283 726 338 «Iugurtham
754 297 892 337 regem
915 283 1028 332 vicit,
1057 290 1099 324 et
1130 283 1182 324 L.
1207 282 1355 325 Domi-

107 343 190 384 tius
227 351 389 398 praetor.
453 342 497 382 A
541 341 713 384 Sertorii
749 340 853 381 duce
892 340 1105 381 Hirtuleio
1141 340 1354 382 Domitius

107 400 289 441 occisus.
335 399 536 440 Metellus
567 399 680 439 vario
709 412 900 438 successu
935 405 1079 438 contra
1123 397 1353 440 Sertorium

107 458 331 498 dimicavit.
394 457 548 498 Postea
568 457 663 497 cum
691 455 824 508 impar
845 470 995 509 pugnae
1023 455 1133 496 solus
1155 455 1355 496 Metellus

107 521 338 569 putaretur,
383 513 461 556 Cn.
490 513 713 567 Pompeius
749 512 800 552 ad
839 512 1065 566 Hispanias
1097 512 1246 553 missus
1278 519 1354 554 est.

108 572 178 612 Ita
201 572 362 612 duobus
390 571 565 612 ducibus
596 569 777 611 adversis
806 568 1014 610 Sertorius
1043 569 1212 610 fortuna
1242 569 1356 611 varia

107 629 213 683 saepe
241 628 456 683 pugnavit.
509 628 571 683 (A.
588 640 632 668 U.
658 626 777 680 680.)
815 626 976 668 Octavo
1007 627 1174 668 demum
1202 642 1311 668 anno
1331 642 1356 668 a

106 687 190 727 suis
219 686 376 727 occisus
398 692 473 735 est,
507 692 548 726 et
569 685 664 725 finis
692 685 729 725 ei
751 683 858 724 bello
887 684 1008 726 datus
1029 699 1102 738 per
1124 683 1202 726 Cn.
1228 684 1355 726 Pom-

106 744 246 797 peium
282 743 583 784 adolescentem
614 750 656 783 ct
694 742 747 794 Q.
774 741 996 783 Metellum
1033 742 1186 782 Pium:
1225 748 1354 796 atque

106 816 248 842 omnes
284 801 412 855 prope
450 800 664 855 Hispaniae
694 801 738 840 in
768 799 968 840 ditionem
999 799 1142 854 populi
1173 799 1354 840 Romani

105 859 280 899 redactae
302 865 411 899 sunt.

166 915 226 956 II.
260 916 321 971 (A.
338 928 382 957 U.
408 916 526 967 674.)
565 913 636 956 Ad
672 915 960 957 Macedoniam
991 914 1140 955 missus
1165 920 1228 955 est
1262 913 1354 969 Ap-

105 973 198 1028 pius
227 973 439 1015 Claudius.
504 973 609 1014 Post
630 974 890 1015 consulatum
917 972 1025 1013 levia
1047 972 1187 1026 proelia
1207 971 1355 1014 habuit

107 1037 250 1072 eontra
283 1030 416 1072 varias
437 1037 594 1085 gentes,
625 1045 717 1083 quae
743 1031 989 1085 Rliodopam
1010 1029 1265 1084 provinciam
1290 1029 1354 1070 in-

105 1087 309 1137 colebant,
332 1094 459 1141 atque
488 1088 546 1128 ibi
567 1090 709 1129 morbo
734 1096 921 1129 mortuus
949 1094 1022 1128 est.
1086 1086 1149 1142 (A.
1165 1099 1210 1127 U.
1235 1086 1354 1143 677.)

105 1145 263 1186 Missus
287 1145 324 1186 ei
353 1160 562 1186 successor
587 1144 634 1187 C.
664 1145 903 1187 Scribonius
927 1144 1055 1187 Curio
1086 1150 1178 1198 post
1206 1159 1354 1186 consu-

104 1203 248 1244 latum.
313 1203 357 1243 Is
389 1203 608 1244 Dardanos
637 1202 750 1251 vicit,
785 1210 827 1244 et
857 1217 991 1256 usque
1022 1202 1074 1242 ad
1106 1201 1352 1243 Danubium

104 1260 368 1314 penetravit3
418 1259 481 1316 (A.
499 1272 543 1301 U.
570 1260 674 1314 681)
714 1260 1059 1314 triumphumque
1100 1259 1266 1308 meruit,
1311 1267 1353 1301 et

103 1318 215 1359 intra
236 1318 462 1359 triennium
483 1318 607 1359 finem
630 1318 737 1358 bello
759 1319 885 1358 dedit.

162 1375 250 1416 III.
291 1376 363 1417 Ad
402 1375 592 1418 Ciliciam
628 1382 670 1416 et
707 1375 997 1430 Pamphyliam
1028 1374 1176 1415 missus
1208 1380 1271 1416 est
1299 1375 1350 1417 P.

108 1432 307 1475 Servilius
341 1449 393 1474 ex
430 1433 610 1482 consule,
649 1433 712 1474 vir
741 1440 947 1474 strenuus.
1002 1435 1063 1487 (A.
1082 1444 1125 1472 U.
1152 1431 1272 1488 675.)
1307 1432 1353 1474 Is

107 1490 295 1533 Ciliciam
318 1491 496 1545 subegit,
520 1491 664 1545 Lyciae
684 1491 807 1531 urbes
828 1490 1072 1531 clarissimas
1093 1491 1352 1545 oppugnavit

103 1555 146 1589 et
187 1549 310 1603 cepit,
348 1549 390 1588 in
433 1548 495 1589 his
538 1548 814 1597 Phaselidem,
854 1547 1098 1602 Olympum,
1139 1546 1351 1602 Corycum

105 1605 273 1648 Ciliciae.
340 1606 506 1646 Isauros
547 1621 714 1659 quoque
754 1620 972 1660 aggressus
1013 1605 1064 1645 ad
1099 1604 1350 1646 deditionem

101 1663 276 1718 redegit,
319 1671 446 1717 atque
486 1663 596 1704 intra
642 1663 867 1704 triennium
908 1663 1016 1704 bello
1057 1662 1183 1703 finem
1224 1663 1348 1703 dedit.

103 1720 272 1762 Primus
309 1721 494 1761 omnium
531 1721 817 1761 Romanorum
858 1720 902 1760 in
939 1720 1079 1760 Tauro
1120 1719 1200 1760 iter
1220 1719 1348 1761 ·fecit.

102 1778 337 1820 Revertens
377 1778 637 1833 triumphum
677 1778 848 1833 aceepit,
897 1785 939 1819 et
979 1792 1132 1819 nomen
1173 1778 1349 1818 Isauria

101 1836 264 1876 meruit.

161 1893 242 1934 IV.
283 1893 354 1933 Ad
391 1892 610 1947 Illyricum
644 1893 791 1934 missus
828 1900 889 1934 est
929 1892 977 1934 C.
1011 1891 1239 1934 Cosconius
1275 1907 1349 1947 pro

102 1951 294 1991 consule:
329 1951 504 1991 multam
536 1957 692 2005 partem
721 1950 942 1991 Dalmatiae
966 1949 1144 2003 subegit,
1179 1949 1349 1991 Salonas

102 2007 225 2061 cepit,
269 2014 310 2049 et
352 2008 579 2062 composito
623 2008 729 2048 bello
772 2008 950 2048 Romam
999 2010 1092 2061 post
1133 2006 1348 2047 biennium

102 2065 235 2106 rediit.

162 2122 216 2163 V.
241 2123 359 2178 (A.U.
381 2122 500 2177 675.)
522 2123 675 2163 Iisdem
694 2122 950 2177 temporibus
967 2121 1111 2163 consul
1129 2121 1192 2162 M.
1209 2122 1349 2163 AEmi-

102 2179 182 2220 lius
199 2179 400 2234 Lepidus,
426 2179 568 2222 Catuli
585 2180 754 2235 collega,
773 2180 926 2221 bellum
949 2179 1068 2220 civile
1084 2179 1218 2220 voluit
1239 2195 1350 2221 com-

103 2251 292 2286 movere;
325 2238 435 2277 intra
465 2244 605 2277 tamen
634 2253 759 2278 unam
788 2244 972 2278 aestatem
1000 2243 1138 2278 motus
1166 2238 1254 2291 ejus
1276 2252 1348 2291 op-

103 2307 264 2348 pressus
293 2301 366 2336 est.
430 2294 499 2335 Ita
524 2310 606 2336 uno
635 2301 819 2350 tempore
849 2295 969 2335 multi
995 2294 1117 2335 simul
1147 2294 1347 2349 triumphi
