1533 2542
141 101 192 138 48
599 98 752 138 EUTR
760 97 936 137 OPIUS.

145 209 314 258 Sextus,
346 209 492 263 ingens
523 207 679 249 bellum
706 212 1012 261 reparaverant.
1078 206 1220 249 Multa
1247 206 1390 263 proelia

141 265 340 316 fuerunt3
377 265 572 307 ultimum
606 265 715 320 apud
748 264 957 306 Mundam
991 264 1216 314 civitatem,
1239 264 1284 306 in
1305 279 1390 320 quo

141 324 242 365 adeo
266 323 404 366 Caesar
431 323 546 377 paene
579 323 714 364 vietus
744 328 820 370 est,
843 328 905 370 ut,
935 321 1195 377 fugientibus
1225 322 1322 372 suis,
1345 337 1389 364 se

141 381 319 423 voluerit
336 381 533 429 occidere,
556 395 608 421 ne
629 386 722 435 post
738 386 899 420 tantam
919 379 979 420 rei
996 379 1184 420 militaris
1197 379 1386 434 gloriam,
1444 392 1451 399 ⁴

139 439 185 480 in
205 445 453 494 potestatem
471 437 807 485 adolescentium,
831 443 953 477 natus
975 451 1104 477 annos
1120 451 1194 478 sex
1209 443 1252 478 et
1265 437 1389 491 quin-

142 496 354 551 quaginta,
386 495 556 537 veniret.
620 495 816 548 Denique
848 493 1049 548 reparatis
1073 494 1157 535 suis
1178 493 1302 543 vieit3
1336 509 1388 536 ex

141 552 331 606 Pompeii
352 553 446 593 filiis
468 553 598 605 major
618 552 774 594 occisus
796 558 870 601 est,
894 551 1028 592 minor
1049 551 1171 606 fugit.

199 609 356 651 XXV.
392 610 498 651 Inde
521 609 671 659 Caesar,
695 609 813 651 bellis
835 609 1023 650 civilibus
1045 616 1134 650 toto
1157 610 1255 651 orbe
1276 623 1389 651 com·-

140 667 296 723 positis,
330 667 509 708 Romam
545 667 693 716 rediit3
737 681 857 722 agere
893 666 1139 708 insolentius
1172 666 1309 722 coepit,
1345 673 1389 709 et

140 731 286 767 contra
306 725 646 766 consuetudinem
663 725 863 766 Romanae
884 724 1100 766 libertatis.
1156 723 1268 767 Cum
1288 739 1388 780 ergo

140 789 183 824 et
214 783 389 823 honores
420 797 472 824 ex
503 784 577 824 sua
597 783 813 824 voluntate
844 789 1070 837 praestaret,
1094 782 1167 836 qui
1188 797 1213 823 a
1233 783 1388 837 populo

140 841 263 881 antea
284 840 591 890 deferebantur,
614 855 690 882 neo
715 840 888 882 Senatui
909 840 960 880 ad
981 855 1023 881 se
1046 840 1232 881 venienti
1252 854 1389 881 assur-

140 904 269 953 geret,
293 897 455 951 aliaque
485 898 598 953 regia
628 913 675 939 ae
705 898 820 953 paene
851 898 1069 953 tyrannica
1099 897 1267 947 faceret,
1289 912 1388 939 oon-

134 956 324 1012 juratum
351 962 414 997 est
444 956 488 996 in
519 971 614 997 eum
645 971 668 997 a
698 956 917 1011 sexaginta
937 956 1004 998 vel
1025 956 1202 1010 amplius
1224 962 1386 1004 senato-

140 1011 254 1054 ribus
275 1013 568 1066 equitibusque
586 1013 797 1054 Romanis.
861 1013 1066 1068 Praecipui
1086 1015 1258 1056 fuerunt
1278 1013 1389 1055 inter

142 1071 378 1124 conjuratos
399 1071 480 1111 duo
497 1071 635 1120 Bruti,
660 1086 711 1112 ex
733 1086 780 1112 eo
800 1086 952 1126 genere
973 1071 1112 1121 Bruti,
1135 1071 1208 1125 qui
1229 1071 1390 1125 primus
1408 1097 1418 1100 <

141 1127 287 1169 Romae
308 1128 452 1169 consu]
476 1127 627 1178 fuerat,
660 1135 702 1169 et
732 1143 850 1185 reges
879 1129 1109 1184 expulerat,
1145 1129 1193 1171 C.
1220 1128 1387 1172 Cassius

141 1191 184 1227 et
217 1184 418 1228 Servilius
451 1184 592 1228 Casca.
656 1186 720 1241 (A.
739 1199 782 1227 U.
807 1186 926 1242 709.)
951 1186 1254 1242 ELgQ...Caesar‚
1291 1186 1388 1229 eum

141 1249 309 1284 senatus
330 1243 395 1284 die
415 1242 526 1284 inter
546 1249 706 1285 eeteros
727 1244 907 1285 venisset
929 1243 981 1286 ad
1002 1244 1172 1294 curiam,
1188 1243 1389 1299 tfibjggget

140 1299 292 1357 viginti
311 1299 554 1343 vulneribus
574 1300 887 1356 confossus-*est5⁴
