1512 2578
613 155 762 193 BOOK
794 157 862 192 lv.
1309 162 1357 197 33

115 265 289 321 septimo
309 266 361 306 ab
383 266 484 306 urbe
504 264 681 314 condita,
698 264 746 307 C.
768 264 936 307 Cassius
958 265 1176 321 Longinus
1197 272 1238 306 et
1263 265 1357 309 Sex.

115 321 328 365 Domitius
377 321 591 371 Calvinus,
640 322 841 372 eonsules,
897 321 1077 364 GALL1s
1119 323 1360 364 TRANSAL·

116 391 244 422 PINIS
283 380 438 421 bellum
478 380 723 429 intulerunt,
765 386 808 421 et
840 379 1126 421 Arvernorum
1158 388 1259 421 tunc
1289 396 1360 423 no·

116 437 324 479 bilissimae
349 437 522 487 civitati,
551 444 678 492 atquc
707 452 849 478 eorum
880 437 975 478 duci
1010 437 1184 486 Bituito,
1223 438 1360 479 infini-

116 501 288 550 tamque
335 495 648 536 multitudinem
701 495 826 549 juxta
878 494 1132 535 Rhodanum
1186 495 1361 537 fluvitlm

116 552 428 594 interfecerunt.
492 552 639 593 Praeda
655 567 706 592 ex
728 552 946 606 torquibus
969 551 1188 593 Gallorum
1215 553 1362 605 ingens

117 609 295 652 Romam
336 610 493 665 perlata
527 617 600 651 est.
663 609 853 650 Bituitus
886 624 928 651 se
968 609 1155 650 Domitio
1190 609 1360 660 dedidit,

117 675 243 722 atque
265 667 316 708 ab
338 682 384 707 co
406 667 584 708 Romam
619 667 822 707 deductus
843 674 905 708 est
954 667 1016 722 (A.
1033 679 1077 707 U.
1097 667 1214 722 633),
1246 682 1343 722 mag

117 725 254 778 nfique
275 724 407 777 glori&
428 724 615 765 consules
635 725 756 764 ambo
776 724 1151 778 triumphaverunt.

176 781 366 822 XXIII.
415 782 477 838 (A.
497 793 541 822 U.
563 780 681 833 635.)
733 781 795 821 Μ.
839 781 989 822 Porcio
1027 780 1187 823 Catone
1229 789 1270 823 et
1305 782 1358 834 Q.

121 839 279 882 Marcio
335 839 468 894 Rege,
512 839 763 887 consulibus,
808 838 1107 880 sexcentesimo
1151 839 1359 894 trigesimo

117 897 241 939 tertio
280 911 388 938 anno
427 896 479 937 ab
520 898 622 938 urbe
670 896 847 944 condita,
892 896 1090 937 Narbona
1131 896 1173 936 iu
1221 896 1360 938 Gallia

116 955 279 996 colonia
298 954 476 995 deducta
496 960 569 995 est.
633 953 695 1009 (A.
713 966 755 994 U.
775 952 892 1008 636.)
924 953 1078 994 Postea
1106 953 1157 994 L.
1184 953 1360 994 Metello

116 1019 158 1054 et
177 1011 231 1064 Q.
249 1012 394 1053 Mucio
419 1011 615 1060 Scaevola,
639 1011 890 1060 consulibus,
914 1011 964 1052 de
986 1010 1197 1051 Dalmatia
1213 1011 1361 1051 trium-

115 1069 289 1125 phatum
309 1076 383 1110 cst.

175 1126 358 1168 XXIV.
392 1126 454 1180 (A.
473 1138 518 1167 U.
538 1125 658 1182 639.)
690 1126 761 1168 Ab
794 1128 897 1168 urbe
929 1126 1095 1168 condita
1125 1141 1233 1167 anno
1269 1141 1360 1168 sex·

115 1185 339 1226 centesimo
359 1184 572 1240 trigesimo
594 1185 742 1238 quinto
766 1182 816 1226 C.
842 1183 948 1226 Cato
970 1183 1113 1225 consul
1138 1183 1358 1226 Scordiscis

115 1241 260 1284 intulit
279 1242 448 1290 bellum,
471 1241 829 1296 ignominioseque
849 1241 1065 1296 pugnavit.

174 1299 331 1341 XXV.
349 1300 427 1353 ⁸(A.
444 1311 488 1340 U.
507 1299 626 1353 640.)
658 1297 706 1340 C.
727 1298 892 1341 Caecilio
910 1299 1086 1340 Metello
1100 1306 1142 1341 et
1157 1299 1234 1341 Cn.
1256 1299 1359 1341 Car-

116 1357 236 1406 bone,
258 1356 509 1405 consulibus,
530 1356 612 1397 duo
636 1356 799 1397 Metelli
821 1356 967 1397 fratres
994 1356 1136 1398 eodem
1157 1357 1235 1405 dic,
1257 1356 1359 1398 alte·

115 1429 208 1456 rum
246 1429 298 1455 ex
334 1413 535 1462 Sardinia,
570 1413 746 1454 alterum
783 1429 834 1455 ex
884 1413 1061 1454 Thracici
1100 1414 1358 1468 triumphum

114 1478 317 1528 egerunt3
350 1471 671 1525 nuntiatumque
693 1470 837 1512 Romae
859 1477 921 1512 est
955 1470 1146 1513 Cimbros
1167 1486 1190 1512 e
1220 1471 1359 1513 Gallis

114 1529 159 1570 in
181 1528 348 1570 Italiam
368 1529 575 1570 transisse.

174 1586 357 1628 XXVI.
411 1586 473 1637 (A.
494 1598 538 1626 U.
558 1585 678 1638 642.)
727 1585 780 1626 Ρ.
819 1585 1010 1640 Scipione
1045 1585 1195 1627 Nasica
1230 1593 1273 1628 et
1302 1585 1354 1627 L.

117 1643 345 1699 Calpurnio
355 1643 509 1692 Bestia,
521 1643 769 1692 consulibus,
780 1643 813 1685 J
817 1655 1069 1692 UGURTHAE,
1081 1643 1357 1684 Numidarum

114 1702 216 1756 regi,
234 1701 389 1742 bellum
409 1701 571 1742 illatum
584 1707 658 1749 est,
682 1700 794 1754 quod
816 1699 1097 1742 Adherbalem
1118 1707 1159 1742 ct
1181 1701 1358 1755 Hiemp-

114 1759 240 1800 salem
289 1758 476 1813 Micipsae
508 1757 627 1807 filios,
662 1757 810 1799 fratres
834 1772 941 1806 suos,
978 1772 1107 1813 reges,
1142 1765 1184 1799 et
1216 1758 1356 1812 populi

115 1815 299 1858 Romani
321 1815 486 1864 amicos,
510 1815 798 1856 interemisset.
861 1815 1017 1856 Missus
1045 1816 1240 1856 adversus
1261 1830 1356 1856 eum

116 1873 261 1916 consul
284 1871 538 1927 Calpurnius
579 1872 734 1921 Bestia,
758 1879 978 1926 corruptus
1018 1873 1127 1926 regis
1167 1872 1354 1927 pecunia,

115 1945 258 1986 pacem
279 1945 374 1972 eum
391 1945 439 1972 co
453 1929 813 1985 flagitiosissimam
827 1929 939 1979 fecit,
956 1945 1049 1985 quae
1062 1931 1086 1970 ὰ
1106 1936 1254 1970 senatu
1276 1929 1352 1970 im-

114 1989 288 2044 probata
308 1994 382 2029 est.
446 1987 508 2042 (A.
522 1999 566 2028 U.
592 1986 711 2041 643.)
742 1986 896 2028 Postea
915 1995 1060 2028 contra
1080 1987 1270 2035 cundem,
1293 1986 1357 2027 in-

114 2045 306 2100 sequenti
325 2059 446 2094 anno,
484 2044 659 2099 Spurius
681 2044 923 2085 Postumius
946 2044 1128 2086 Albinus
1148 2044 1357 2098 profectus

115 2109 190 2144 est.
273 2101 317 2143 Is
350 2116 519 2156 quoque
569 2117 642 2156 per
692 2101 862 2142 fratrem
902 2101 1173 2157 ignominiose
1214 2109 1357 2143 contra

115 2158 324 2201 Numidas
343 2159 558 2214 pugnavit.

172 2215 384 2259 XXVII.
421 2216 484 2270 (A.
499 2228 542 2257 U.
568 2216 686 2271 644.)
719 2217 862 2259 Tertio
893 2217 1041 2258 missus
1076 2215 1128 2268 Q.
1165 2217 1356 2258 Caecilius

115 2274 313 2317 Metellus
334 2273 487 2322 consul,
506 2274 733 2315 exercitum
749 2274 908 2329 ingenti
925 2274 1143 2315 severitate
1159 2281 1201 2315 ct
1217 2273 1356 2316 mode-

118 2334 270 2375 ratione
293 2336 537 2382 correctum,
567 2332 662 2372 cum
684 2331 785 2371 nihil
813 2332 855 2371 in
878 2346 1115 2386 quenquam
1136 2337 1355 2373 cruentum

705 2398 721 2418 c
746 2391 764 2418 5
