1512 2578
634 91 785 130 BOOK
814 92 884 129 IV.
1326 97 1377 133 29

136 207 258 300 {uxta
278 216 320 243 sc
341 201 385 241 in
405 199 505 242 sella
524 200 753 242 collocavit.
816 200 1116 242 Macedonibus
1147 209 1188 242 ct
1221 202 1377 256 Illyriis

167 274 201 301 ω
235 259 348 315 leges
373 259 397 299 a
417 258 618 299 Romanis
654 258 785 299 datae:
820 265 864 298 ut
884 260 998 298 liberi
1025 266 1162 307 essent,
1195 266 1233 300 et
1261 262 1378 300 climi-

138 318 247 358 dium
303 331 436 357 corum
493 317 730 357 tributorum
778 323 1032 370 proestarent,
1091 332 1178 371 quae
1222 319 1379 372 reyibue

136 376 413 429 proestitissent
429 390 445 422 ‚·
476 379 525 414 ut
554 380 782 428 appareret,
807 373 1006 428 populum
1037 373 1274 415 Romanum
1305 390 1379 429 pro

138 432 335 486 aequitate
357 430 502 485 magis,
525 433 650 485 quam
682 431 868 479 avaritia,
887 431 1094 472 dimicare.
1159 431 1305 485 Atque
1336 433 1379 473 in

138 496 346 531 conventu
363 488 619 530 infinitorum
637 488 883 544 populorum
901 488 1075 529 Paullus
1091 489 1176 530 haec
1197 504 1379 544 pronun·

138 546 285 595 tiavit3
318 554 360 587 ct
381 546 609 601 legationes
631 546 855 587 multarum
878 546 1079 595 gentium,
1099 561 1191 600 quae
1212 547 1263 587 ad
1285 561 1379 588 eum

139 612 350 652 venerant,
384 603 789 657 magnificentissime
819 604 1009 644 convivio
1042 604 1170 658 pavit,
1212 604 1375 646 dicens:

139 663 308 718 q‘usdem
329 663 499 702 hominis
519 676 599 701 esse
618 662 764 710 debere,
794 668 831 701 et
851 662 946 700 bello
968 663 1132 710 vincere,
1155 668 1194 702 et
1212 664 1381 702 convivii

137 726 345 775 apparatu
367 720 577 773 eleyantem
600 733 689 758 esse.

198 775 330 819 VIII.
367 776 473 817 Mox
494 776 758 830 septuaginta
779 775 968 816 civitates
985 775 1118 829 Epiri,
1137 790 1228 829 quae
1249 775 1358 817 rebel

139 834 286 883 laram,
319 834 453 888 cepit3
486 833 664 889 praedam
697 833 898 873 militibus
929 832 1163 881 distribuit3
1203 833 1376 877 Roman,

139 907 235 934 cum
266 892 428 947 ingenti
456 892 606 947 pompa
638 891 761 932 rediit
791 890 833 930 in
866 905 970 931 nave
1003 890 1158 939 Persei,
1197 905 1288 944 quae
1319 892 1379 931 in»

138 950 301 992 usitatae
321 949 618 1005 magnitudinis
639 948 765 989 fuisse
780 947 970 997 traditur,
990 948 1089 990 adeo
1107 955 1154 988 ut
1175 949 1377 989 sexdecim

137 1007 302 1049 ordines
353 1007 515 1048 dicatur
569 1006 758 1047 habuisse
815 1020 1034 1046 remorum.
1116 1005 1179 1061 (A.
1198 1017 1242 1046 U.
1262 1007 1381 1060 586.)

137 1065 431 1120 Triumphavit
451 1071 590 1106 autem
611 1062 1014 1118 magnificentissime
1035 1063 1077 1103 in
1099 1077 1223 1104 curru
1244 1077 1380 1112 aureo,

137 1137 232 1166 cum
248 1122 410 1164 duobus
429 1122 538 1172 filiis,
561 1128 739 1175 utroque
769 1120 897 1161 latere
918 1120 1187 1161 adstantibus.
1251 1120 1383 1162 Ducti

137 1187 235 1223 sunt
270 1187 367 1221 ante
403 1195 568 1222 currum
605 1179 687 1220 duo
718 1178 827 1233 regis
859 1178 946 1227 filii,
985 1185 1027 1218 ct
1066 1178 1152 1232 ipse
1189 1178 1380 1227 Perseus,

138 1238 413 1293 quadraginta
434 1238 620 1291 quinque
644 1251 772 1277 annos
793 1242 926 1276 natus.
989 1235 1050 1289 (Α.
1067 1247 1112 1276 U.
1128 1235 1247 1291 586.)
1279 1235 1382 1277 Post

137 1311 232 1338 eum
253 1296 377 1337 etiar‘n
401 1294 449 1337 C.
471 1294 647 1335 Anicius
667 1294 718 1335 de
731 1293 888 1348 Illyriis
909 1292 1191 1347 triumphavit.
1267 1292 1382 1335 Gen-

136 1354 221 1395 tius
252 1367 346 1395 cum
368 1353 496 1393 fratrc
518 1359 559 1393 ct.
579 1351 674 1392 filiis
695 1358 792 1392 ante
814 1365 979 1392 currum
1001 1350 1151 1391 ductus
1172 1357 1245 1392 est.
1309 1350 1381 1392 Ad

136 1411 215 1453 hoc
249 1410 532 1466 spectaculum
573 1409 796 1450 multarum
831 1408 1019 1463 gentium
1051 1423 1167 1463 reges
1203 1407 1381 1450 Romam

138 1475 342 1511 venerunt
362 1483 373 1517 3
424 1468 534 1508 inter
573 1467 673 1507 alios
713 1466 838 1507 etiam
878 1465 994 1507 venit
1039 1465 1213 1506 Attalus
1254 1473 1380 1519 atque

137 1526 361 1573 Eumenes,
421 1525 534 1566 Asiae
574 1539 692 1579 reges
713 1540 724 1573 ;
776 1531 902 1578 atque
944 1523 1114 1564 Prusias
1155 1523 1378 1578 Bithyniae.

137 1583 298 1640 Magno
329 1583 483 1625 honore
514 1582 672 1637 accepti
703 1589 813 1630 sunt,
841 1588 895 1630 et,
928 1581 1198 1636 permittente
1220 1587 1379 1631 senatu,

137 1641 256 1691 dona,
274 1656 367 1696 quae
387 1640 628 1689 attulerant,
650 1640 693 1679 in
712 1638 918 1694 Capitolio
939 1646 1177 1694 posuerunt.
1211 1638 1380 1680 Prusias

137 1698 261 1741 etiam
281 1699 413 1740 filium
435 1713 555 1739 suum
580 1697 847 1738 Nicomedem
879 1696 1041 1737 senatui
1061 1697 1376 1738 commendavit.

193 1755 280 1798 IX.
315 1755 561 1810 Insequenti
601 1769 710 1795 anno
739 1754 790 1795 L.
817 1753 1048 1795 Mummius
1089 1753 1133 1794 in
1175 1753 1378 1808 Hispania

137 1812 240 1856 bene
260 1813 476 1869 pugnavit.
541 1811 766 1853 Marcellus
795 1812 936 1866 postea
960 1811 1103 1853 consul
1124 1826 1189 1852 res
1224 1810 1377 1853 ibidem

135 1871 328 1927 prospere
348 1871 487 1926 gessit.

192 1927 252 1969 X
288 1927 513 1985 TERTIUM
534 1927 681 1979 deinde
714 1938 912 1973 BELLUM
938 1926 1383 1975 coum-Cam&

133 1983 565 2041 Qfflsoipittm·
590 1985 899 2027 sexcentesimo
936 1991 978 2026 et
1013 1985 1142 2026 altero
1184 1999 1292 2026 anno
1325 1984 1378 2026 ab

136 2043 236 2086 urbe
257 2044 423 2086 condita
443 2044 505 2100 (A.
521 2055 565 2085 U.
584 2043 711 2098 604);
745 2043 797 2084 L.
817 2042 978 2083 Manlio
997 2041 1224 2085 Censorino
1245 2049 1287 2084 ct
1302 2042 1375 2083 Μ’.

136 2101 309 2152 Manlio,
339 2100 590 2150 consulibus,
619 2115 728 2142 anno
749 2100 1094 2155 quinquagesimo
1115 2101 1247 2155 primo
1269 2100 1375 2154 post,

134 2159 259 2212 quam
291 2159 518 2200 secundum
551 2158 761 2200 Punicum
793 2157 949 2199 bellum
988 2164 1241 2198 transactum
1275 2163 1374 2200 erat.

137 2216 193 2258 Hi
210 2215 387 2272 profecti
405 2215 741 2259 Carthaoinemo
801 2221 1078 2256 uernaverunt.
1123 2213 1282 2257 Contra
1308 2229 1376 2255 eos

136 2261 386 2323 Hasdrubal,
410 2269 495 2314 dux
522 2268 944 2328 Uartfiaglmensiuim
969 2271 1201 2314 dimicabat.
1264 2271 1376 2313 Pha-

721 2331 782 2360 08
