1533 2542
111 102 162 139 10
568 94 856 137 EUTROPIU
863 99 901 137 S.

117 209 181 251 Ac
143 214 377 270 “propter
406 208 484 251 hoc
513 208 711 252 meritum
740 223 943 250 annorum
974 208 1101 250 trium
1133 215 1175 251 et
1210 209 1360 266 viginti

111 260 506 317 cfflmm.
494 298 543 308 .„
546 300 616 307 a-
1390 277 1426 286 ’

170 324 278 366 VII.
312 324 374 378 (A.
393 335 437 365 U.
459 322 581 377 415.)
626 323 785 373 Latini,
828 324 903 378 qui
942 324 1164 366 noluerant
1204 325 1358 367 milites

107 382 219 429 dare,
235 381 313 422 hoc
330 396 497 436 quoquc
512 397 536 422 a
549 381 749 422 Romanis
763 381 927 436 exigere
941 395 1074 436 coeper
1078 388 1166 430 unt,
1183 389 1233 424 ut
1247 398 1358 425 unus

107 439 255 481 consul
276 454 328 480 ex
348 453 503 488 eorum,
525 438 631 480 alter
662 453 714 479 ex
744 438 1032 479 Romanorum
1062 439 1216 493 populo
1244 454 1339 482 crea.

107 503 237 538 retur.
303 495 427 548 Quod
455 497 551 538 cum
571 502 679 537 esset
709 502 923 550 negatum,
946 495 1103 537 bellum
1124 502 1270 538 contra
1289 511 1358 539 eos

111 560 349 608 susceptum
371 559 446 602 cst,
469 559 512 594 et
532 552 695 607 ingenti
715 553 857 607 pugna
879 553 1063 607 superati
1084 559 1209 602 sunt3
1237 568 1285 595 ac
1305 557 1358 596 de

106 611 175 651 his
195 610 434 664 perdomitis
455 609 759 664 triumphatum
780 616 854 651 est.
897 613 956 663 (A.
975 622 1020 651 U.
1037 611 1157 666 417.)
1198 610 1358 653 Statuae

108 668 347 709 consulibus
364 669 416 709 ob
433 667 628 709 meritum
645 667 826 709 victoriae
839 667 883 708 in
904 667 1069 709 Rostris
1083 667 1227 723 positae
1243 675 1358 711 sunt.

110 726 177 767 Eo
209 740 318 766 anno
346 725 474 766 etiam
499 724 759 766 Alexandria
785 725 837 765 ab
861 724 1103 767 Alexandro
1126 725 1358 768 Macedone

110 783 278 824 condita
299 789 372 824 est.

168 840 303 882 VIII.
322 840 354 882 J
357 855 423 881 am
436 840 616 881 Romani
629 847 820 895 potentes
835 855 921 881 esse
935 849 1159 895 coeperunt.
1189 840 1357 883 Bellum

110 898 222 939 enim
253 898 295 939 in
327 898 550 939 centesimo
587 904 629 939 et
659 898 865 939 tricesimo
899 897 985 939 fere
1025 898 1216 940 milliario
1247 899 1356 954 apud

114 956 322 998 Samnitas
351 955 586 1011 gerebatur,
617 956 689 1009 qui
714 955 838 996 medii
869 962 967 997 sunt
997 956 1107 997 inter
1140 956 1356 1007 Picenum,

111 1013 382 1068 Camptniam
404 1020 447 1055 et
469 1012 683 1068 Apuliam.
743 1014 804 1068 (Α.
823 1026 867 1054 U.
903 1013 1024 1068 430.)
1075 1014 1127 1054 L.
1162 1013 1356 1081 Papirius

111 1070 268 1113 Cursor
299 1086 394 1112 cum
414 1071 568 1112 honore
590 1065 803 1112 dictatoris
824 1071 875 1111 ad
895 1070 939 1111 id
966 1070 1122 1112 bellum
1144 1071 1356 1125 profectus

108 1135 184 1170 est.
249 1128 336 1181 Qui
361 1130 456 1170 cum
477 1128 656 1170 Romam
687 1128 889 1178 rediisset,
915 1127 967 1180 Q.
992 1128 1126 1170 Fabio
1149 1128 1353 1178 Maximo,

111 1187 307 1242 magistro
349 1186 553 1240 equitum,
592 1201 717 1240 quem
753 1186 862 1241 apud
897 1186 1127 1227 exercitum
1168 1186 1354 1240 reliquit,

104 1244 317 1298 praecepit,
339 1259 391 1285 nc
412 1258 456 1285 se
477 1245 646 1285 absente
667 1251 883 1297 pugnaret.
947 1243 1040 1292 Ille,
1058 1243 1270 1285 occasione
1291 1258 1356 1285 re-

104 1303 238 1354 perta,
261 1301 496 1342 felicissime
527 1301 751 1349 dimicavit,
775 1307 817 1341 et
841 1301 1048 1342 Samnitas
1069 1300 1237 1342 delevit.
1287 1300 1357 1343 Ob

110 1374 237 1413 quam
277 1374 365 1400 rem
405 1359 430 1400 ἐι
469 1358 669 1400 dictatore
703 1358 849 1413 capitis
882 1358 1114 1408 damnatus,
1158 1358 1270 1412 quod
1313 1373 1356 1400 se

107 1424 279 1458 vetante
310 1416 551 1471 pugnasset,
573 1415 735 1470 ingenti
755 1415 897 1457 favore
925 1416 1106 1456 militum
1139 1423 1181 1457 et
1213 1415 1354 1471 populi

106 1475 305 1515 liberatus
339 1483 429 1522 est3
461 1474 580 1514 tanta
611 1473 780 1527 Papirio
817 1473 1017 1514 seditione
1051 1474 1269 1523 commota,
1307 1479 1356 1514 ut

111 1532 225 1587 paenc
246 1532 333 1586 ipse
353 1531 670 1573 interficeretur.

169 1589 255 1630 IX.
290 1589 352 1644 (A.
372 1601 416 1630 U.
440 1587 562 1644 433.)
605 1588 759 1630 Postea
802 1588 1011 1630 Samnites
1042 1588 1268 1638 Romanos,
1303 1588 1352 1630 T.

112 1647 290 1688 Veturio
322 1653 364 1688 et
398 1645 468 1701 Sp.
491 1646 710 1687 Postumio
742 1646 992 1694 consulibus,
1021 1645 1132 1700 apud
1152 1645 1356 1688 Furculas

111 1705 322 1747 Caudinas
349 1703 552 1758 angustiis
583 1704 781 1757 locorum⁴
798 1703 1025 1753 conclusos,
1047 1703 1211 1757 ingenti
1232 1703 1356 1746 dede-

110 1777 202 1803 coro
224 1763 427 1810 vicerunt,
451 1767 493 1802 et
514 1763 591 1803 sub
606 1761 759 1816 jugum
780 1760 993 1802 miserunt.
1057 1760 1150 1801 Pax
1171 1761 1313 1803 tamen
1333 1762 1358 1803 a

110 1828 256 1861 senatu
288 1826 330 1860 et
359 1819 512 1874 populo
544 1819 680 1860 soluta
709 1825 786 1868 est,
818 1833 909 1872 quae
939 1833 1035 1859 cum
1065 1818 1165 1872 ipsis
1188 1825 1358 1874 propter

110 1877 399 1918 necessitatem
420 1876 540 1918 facta.
552 1876 701 1917 fuerat.
739 1883 801 1931 (A.
822 1888 867 1916 U.
889 1879 987 1916 434.
994 1875 1012 1930 )
1058 1875 1214 1917 Postea
1237 1875 1356 1918 Sam-

112 1935 219 1976 nites
241 1934 342 1974 victi
363 1940 461 1975 sunt
493 1935 517 1975 a
547 1934 599 1974 L.
620 1933 788 1989 Papirio
817 1933 1009 1974 consule.
1047 1939 1207 1987 septem
1226 1933 1357 1974 millia

109 2007 253 2034 eorum
291 1991 366 2032 sub
394 1991 548 2045 jugum
569 1991 701 2032 missa.
779 1990 972 2045 Papirius
1014 1990 1064 2031 de
1100 1990 1357 2034 Samnitibus

110 2049 395 2104 triumphavit.
452 2048 517 2089 Eo
552 2055 735 2103 tempore
770 2048 936 2102 Appius
974 2046 1175 2090 Claudius
1215 2063 1358 2090 censor

112 2108 287 2161 Aquam
311 2106 530 2149 Claudiam
550 2106 730 2155 induxit,
764 2112 806 2146 et
836 2105 946 2147 viam
979 2105 1163 2160 Appiam
1195 2105 1357 2148 stravit.

115 2164 338 2214 Samnites,
359 2170 548 2218 reparato
569 2164 692 2212 bello,
718 2163 770 2215 Q.
796 2163 975 2204 Fabium
993 2162 1232 2204 'Maximum
1247 2163 1358 2206 vice-

111 2233 224 2271 runt,
247 2221 381 2262 tribus
401 2221 584 2262 millibus
612 2221 825 2262 hominum
855 2221 1008 2262 occisis.
1072 2220 1241 2270 Postea,
1263 2221 1357 2264 cum

112 2288 230 2336 pater
267 2278 305 2320 ‘ei
337 2278 494 2320 Fabius
531 2279 746 2320 Maximus
778 2279 940 2333 legatus
971 2279 1092 2320 datus
1122 2278 1283 2329 fuisset,
1315 2285 1358 2321 et
