1512 2578
602 143 751 183 BOOK
779 145 828 181 V.
1288 151 1336 187 36

50 302 55 306 ι
100 251 360 303 Hannibalis,
395 261 577 309 tempore
612 254 763 295 Punici
796 253 904 302 belli,
948 269 999 295 ne
1033 254 1181 295 iterum
1226 256 1339 298 Galli

98 309 277 352 Romam
298 311 499 353 venirent.
563 312 677 366 Ergo
707 310 868 352 Marius
898 318 989 365 post
1021 311 1234 352 victoriam
1256 313 1287 354 J
1292 329 1317 354 u

96 367 335 423 gurthinam
364 369 543 411 secundo
567 368 709 410 consul
742 375 805 409 cst
839 367 987 418 factus,
1022 369 1260 422 bellumque
1301 371 1338 412 ei

96 431 240 467 contra
273 425 464 468 Cimbros
497 434 540 468 et
573 426 782 468 Teutonas
817 425 1029 467 decretum
1057 435 1129 467 est.
1195 427 1339 469 Tertio

97 497 264 537 quoque
302 483 339 525 ei
375 491 416 525 et
454 483 601 538 quarto
638 483 798 525 delatus
832 489 895 524 est
927 483 1191 524 consulatus:
1242 485 1339 538 quia

96 539 252 581 bellum
295 540 552 583 Cimbricum
593 541 920 596 protrahebatur.
987 539 1069 582 Sed
1111 541 1151 580 in
1189 548 1338 594 quarto

97 597 313 639 consulatu
353 598 552 653 collegam
592 598 736 640 habuit
774 597 826 650 Q.
863 597 1085 638 Lutatium
1123 598 1336 641 Catulum.

99 652 210 696 Cum
251 654 432 697 Cimbris
471 656 611 709 itaque
653 655 850 703 conflixit,
901 660 943 695 et
983 655 1145 696 duobus
1185 656 1339 709 proeliis

97 710 276 753 ducenta
295 711 423 753 millia
443 712 622 754 hostium
644 712 804 760 cecidit,
828 711 1039 765 octoginta
1066 712 1194 752 millia
1216 713 1337 767 cepit,

97 775 140 810 et
159 768 306 810 ducem
324 783 466 810 eorum
481 769 793 817 Teutobodum3
818 774 987 822 propter
1009 769 1121 822 quod
1145 770 1336 810 meritum

96 827 244 868 absens
265 826 412 881 quinto
434 827 576 868 consul
597 835 659 868 est
679 826 825 868 factus.

156 882 217 924 II.
258 883 426 926 Interea}
467 883 626 927 Cimbri
667 891 709 925 et
746 884 968 932 Teutones,
1007 898 1182 937 quorum
1223 883 1339 938 copia

97 940 231 982 adhue
261 941 424 982 infinita
450 950 551 991 erat,
586 942 638 982 ad
660 941 826 982 Italiam
848 940 1111 982 transierunt.
1177 940 1339 981 Iterum

96 998 120 1038 εἴ
142 997 191 1040 C.
217 998 353 1039 Mario
389 1005 432 1040 et
454 998 506 1050 Q.
534 998 686 1041 Catulo
714 1005 857 1040 contra
883 1013 951 1039 eos
991 997 1230 1038 dimicatum
1253 1003 1336 1046 est3

97 1054 168 1096 sed
188 1056 211 1096 ὲ
234 1054 378 1098 Catuli
398 1064 515 1111 parte
536 1056 707 1097 felicius.
774 1056 884 1096 Nam
906 1055 1061 1110 proeiio,
1086 1055 1196 1107 quod
1218 1054 1340 1095 simul

97 1113 217 1154 ambo
247 1121 476 1169 gesserunt,
510 1120 678 1155 centum
707 1113 983 1168 quadraginta
1010 1112 1150 1160 millia,
1186 1119 1259 1153 aut
1295 1112 1338 1153 in

96 1171 249 1225 pugnfi,
268 1178 341 1212 aut
356 1171 400 1211 in
422 1170 534 1227 fugai,
551 1186 651 1212 caesa
668 1178 765 1212 sunt
782 1186 791 1219 ;
825 1169 1039 1225 sexaginta
1060 1169 1187 1210 millia
1205 1175 1336 1223 capta„

96 1227 278 1269 Romani
308 1228 459 1270 milites
487 1243 538 1270 ex
572 1236 749 1281 utroque
785 1227 970 1268 exercitu
1005 1226 1179 1268 trecenti
1208 1225 1338 1280 perie-

95 1293 207 1326 runt.
272 1284 371 1326 Tria
399 1295 441 1327 et
465 1285 638 1341 triginta
675 1284 855 1327 Cimbris
884 1285 1001 1340 signa
1029 1283 1191 1324 sublata
1226 1290 1334 1325 sunt.

98 1341 166 1383 Ex
187 1342 251 1384 his
276 1343 481 1384 exercitus
502 1342 630 1384 Marii
663 1343 744 1384 duo
778 1341 1016 1397 reportavit,
1045 1339 1187 1383 Catuli
1223 1355 1337 1382 exer-

96 1401 202 1441 citus
222 1400 395 1455 triginta
415 1407 457 1441 et
478 1415 620 1441 unum.
667 1400 710 1441 Is
733 1399 830 1441 belli
849 1399 943 1440 finis
962 1398 1069 1446 fuit3
1103 1397 1337 1452 triumphus

97 1457 264 1510 utrique
285 1457 474 1499 decretus
494 1465 567 1499 est.

154 1513 242 1555 III.
276 1515 338 1570 (A.
359 1526 402 1556 U.
428 1515 546 1570 662.)
581 1514 675 1558 Sex,
706 1515 738 1556 J
742 1514 824 1556 ulio
847 1513 1008 1557 Caesare
1037 1520 1074 1554 et
1108 1513 1159 1553 L.
1176 1511 1336 1554 Marcio

96 1571 306 1627 Philippo,
349 1572 599 1622 consulibus,
648 1571 946 1614 sexcentesimo
991 1569 1336 1624 quinquagesimo

95 1644 204 1672 nono
240 1644 348 1671 anno
383 1631 434 1671 ab
467 1631 570 1672 urbe
598 1630 774 1678 condita,
809 1630 905 1671 cum
940 1629 1067 1683 prope
1095 1627 1174 1668 alia
1201 1627 1336 1668 omnia

94 1686 204 1729 bella
216 1694 435 1736 cessarent,
454 1687 496 1728 in
514 1687 638 1729 Italia
652 1686 941 1741 gravissimum
954 1685 1107 1727 bellum
1126 1683 1334 1732 Picentes,

97 1743 241 1793 Marsi,
266 1744 516 1800 Pelignique
538 1751 759 1786 moverunt
783 1759 794 1792 3
828 1743 912 1797 qui,
937 1743 1032 1783 cum
1054 1741 1170 1782 annis
1192 1755 1335 1782 nume·

94 1801 196 1843 rosis
211 1802 297 1855 jam
327 1802 478 1857 populo
507 1801 697 1843 Romano
725 1800 953 1848 obedirent,
980 1806 1071 1840 tum
1103 1799 1334 1840 libertatem

95 1858 172 1900 sibi
204 1874 364 1913 aequam
395 1874 571 1901 asserere
603 1864 826 1914 coeperunt.
891 1856 1175 1898 Perniciosum
1197 1855 1336 1896 admo-

95 1916 196 1958 dum
217 1916 294 1958 hoc
320 1916 475 1958 bellum
503 1916 596 1958 fuit.
655 1918 717 1971 (A.
733 1927 777 1957 U.
803 1913 921 1968 663.)
952 1913 1002 1954 P.
1021 1912 1208 1954 Rutilius
1239 1926 1337 1953 con-

94 1973 160 2015 sul
178 1973 223 2015 in
244 1989 292 2016 eo
313 1974 469 2016 occisus
498 1980 574 2024 est,
605 1973 757 2028 Caepio,
781 1971 928 2014 nobilis
951 1969 1131 2026 juvenis,
1159 1976 1200 2010 et
1229 1969 1336 2010 Por-

96 2031 184 2072 cius
207 2030 326 2082 Cato,
360 2031 464 2073 alius
500 2031 654 2073 consul.
708 2031 770 2084 (A.
789 2041 834 2070 U.
857 2028 979 2083 664.)
1016 2027 1158 2068 Duces
1194 2033 1333 2067 autem

95 2088 290 2130 adversus
322 2089 533 2130 Romanos
564 2088 809 2130 Picentibus
834 2093 876 2128 et
908 2085 1059 2127 Marsis
1087 2083 1259 2125 fuerunt
1282 2082 1330 2123 T.

96 2144 282 2194 Vettius,
316 2145 488 2187 Hierius
517 2145 702 2194 Asinius,
734 2145 782 2186 T.
811 2142 1064 2190 Herennius,
1098 2141 1152 2181 A.
1179 2140 1334 2182 Cluen-

96 2202 191 2244 tius.
255 2202 293 2243 A
333 2202 534 2244 Romanis
573 2202 678 2244 bene
719 2208 862 2243 contra
896 2214 963 2241 eos
1004 2203 1235 2253 pugnatum
1271 2202 1334 2238 est

94 2259 120 2301 ὲ
156 2258 206 2302 C.
242 2259 392 2309 Mario,
430 2259 504 2314 qui
543 2260 674 2301 sexies
721 2258 860 2300 consul
908 2255 1055 2304 fuerat,
1101 2261 1142 2296 et
1186 2255 1210 2295 εὶ
1252 2253 1330 2296 Cn.

97 2315 312 2372 Pompeio,
348 2317 526 2359 maxime
566 2323 705 2358 tumen
738 2317 761 2356 ἱι
783 2315 833 2356 L.
865 2312 1058 2356 Cornelio
1095 2311 1223 2361 Sullfi,
1260 2311 1332 2365 qui

680 2384 698 2403 c
722 2377 741 2404 6
