1533 2542
76 116 124 153 38
536 112 820 152 EUTROPIU
829 113 865 150 S.

77 231 198 267 turus
246 223 443 265 adversus
486 223 736 264 Norbanum
762 228 804 263 et
847 221 1081 276 Scipionem
1120 221 1320 264 consules.

76 282 140 337 (A.
171 293 212 323 U.
258 284 374 331 669.)
441 280 500 322 Et
540 281 672 335 primo
713 280 857 334 proelio
894 286 1037 321 contra
1076 278 1320 321 Norbanum

77 339 287 381 dimicavit
301 353 384 380 non
405 338 529 393 longe
545 339 569 379 11
587 337 742 392 Capua.
779 337 889 377 Tum
904 344 1062 391 septem
1084 337 1212 378 millia
1234 338 1322 393 ejus

78 397 239 446 cecidit,
263 411 335 438 sex
355 396 484 436 millia
505 394 628 450 cepit,
651 401 820 436 centum
841 393 992 448 viginti
1020 401 1201 448 quatuor
1228 409 1321 437 suo-

77 468 169 497 rum
199 454 347 495 amisit.
411 453 516 494 Inde
550 453 676 494 etiam
697 452 749 492 ad
772 450 1008 505 Scipionem
1037 466 1079 492 se
1101 452 1320 502 convertit,

79 519 122 553 et
152 518 248 553 ante
269 510 458 565 proelium
480 516 617 551 totum
648 509 736 563 cjus
764 508 994 550 exercitum
1015 509 1102 550 sine
1124 508 1325 564 sanguine

77 568 121 609 in
142 568 394 609 deditionem
415 567 584 622 accepit.

137 625 269 668 VIII.
323 624 405 667 Sed
441 625 536 666 cum
569 624 714 665 Romae
754 624 905 665 mutati
949 623 1136 665 consules
1173 631 1322 675 essent,

79 682 142 740 (A.
158 695 201 724 U.
228 681 332 738 671)
366 682 540 731 Marius,
579 681 707 723 Marii
736 681 858 730 filius,
889 696 935 723 ac
969 681 1163 736 Papirius
1186 681 1323 724 Carbo

79 741 337 783 consulatum
351 740 616 794 accepissent,
636 739 753 782 Sulla
765 746 908 780 contra
923 738 1106 780 Marium
1113 739 1323 793 juniorem

79 798 304 847 dimicarit,
332 805 387 847 et,
420 797 572 852 ’viginti
602 797 786 838 millibus
814 798 903 851 ejus
933 796 1088 845 occisis,
1125 797 1322 851 quadrin-

77 862 224 911 gentos
246 856 295 896 de
317 855 400 896 suis
421 855 612 909 peididit.
676 854 783 895 Mox
805 855 930 896 etiam
951 854 1123 895 urbem
1113 869 1323 909 ingressus

77 920 152 955 est.
215 912 412 961 Marium,
437 912 564 953 Marii
596 912 742 962 filium,
776 912 1032 953 Piaenestem
1065 918 1320 966 peisecutus,

77 970 251 1019 obsedit,
282 977 324 1011 et
352 970 403 1011 ad
434 976 609 1011 mortem
650 969 861 1024 compulit.
943 969 1107 1010 Rursus
1138 984 1322 1025 pugnam

75 1028 361 1083 gravissimam
378 1027 524 1068 habuit
545 1034 689 1068 contra
710 1027 990 1082 Lamponium
1006 1033 1046 1068 ct
1066 1026 1320 1076 Carinatem,

77 1086 201 1128 (luces
222 1085 351 1140 partis
373 1085 587 1134 Marianae,
610 1085 662 1125 ad
682 1091 844 1139 portani
860 1084 1078 1127 Collinam.
1145 1083 1322 1139 Septua-

76 1143 194 1198 ginta
213 1143 342 1183 millia
369 1142 547 1183 hostium
583 1143 627 1182 in
659 1142 802 1196 proelio
830 1149 974 1183 contra
1009 1142 1168 1184 Sullam
1196 1142 1322 1184 fuisse

77 1201 298 1250 dicuntum
332 1200 547 1241 duodecim
563 1200 692 1240 millia
707 1214 750 1240 sc
775 1199 899 1241 Sullae
921 1200 1181 1248 dediderunt,
1196 1200 1322 1242 ceteri

75 1258 120 1299 in
141 1258 242 1306 acie,
259 1257 303 1297 in
324 1257 479 1306 castris,
502 1257 546 1297 in
561 1257 673 1312 fuga,
696 1257 920 1298 insatiabili
941 1257 1002 1298 ira
1022 1257 1191 1298 victoris
1225 1272 1322 1299 con-

76 1316 203 1357 sumti
237 1322 345 1356 sunt.
410 1315 487 1357 Cn.
524 1329 691 1368 quoque
733 1314 883 1363 Carbo,
927 1315 1071 1356 consul
1111 1315 1227 1364 alter,
1269 1317 1322 1357 ab

77 1373 271 1414 Arimino
293 1373 344 1414 ad
369 1372 552 1415 Siciliam
574 1372 697 1427 fugit,
732 1379 773 1413 et
794 1372 852 1413 ibi
873 1387 946 1427 per
968 1372 1046 1414 Cn.
1072 1372 1322 1427 Pompeium

76 1430 321 1473 interfectus
336 1438 398 1472 est
415 1446 424 1479 3
450 1445 574 1484 quem
591 1430 893 1471 adolescentem
913 1429 1030 1472 Sulla
1045 1437 1171 1484 atque
1193 1445 1322 1472 annos

75 1503 207 1530 unum
237 1495 279 1529 et
300 1488 450 1542 viginti
477 1494 635 1536 natum,
665 1488 833 1542 cognita
863 1488 950 1541 ejus
985 1487 1202 1535 industria,
1238 1494 1322 1529 tra·-

76 1545 173 1587 ditis
213 1545 463 1587 exercitibus
510 1545 762 1600 praefecerat,
804 1551 853 1585 ut
894 1545 1096 1586 secundus
1138 1561 1161 1585 11
1205 1544 1322 1587 Sulla

75 1602 298 1644 haberetur
549 1650 551 1652 ,

134 1660 220 1701 ΙΧ.
257 1660 404 1702 Occiso
437 1675 534 1715 ergo
568 1659 758 1702 Carbone
793 1659 976 1702 Siciliam
1000 1659 1227 1714 Pompeius
1257 1675 1322 1701 10-

76 1718 197 1772 cepit.
261 1718 561 1772 Transgressus
601 1717 696 1758 inde
737 1718 789 1758 ad
826 1717 1030 1766 Africam,
1069 1717 1320 1767 Domitium,

76 1775 276 1816 Marianae
306 1775 435 1829 partis
464 1775 623 1824 ducem,
651 1782 692 1816 et
727 1774 943 1823 Hiarbam,
981 1790 1122 1829 regem
1159 1774 1321 1816 Mauri-

74 1833 210 1882 taniae‚
248 1833 320 1885 qui
342 1832 529 1873 Domitio
563 1833 763 1873 auxilium
791 1832 963 1881 ferebat,
997 1832 1157 1873 occidit.
1195 1832 1259 1888 (A.
1275 1844 1319 1873 U.

76 1890 194 1945 672.)
242 1889 347 1931 Post
377 1889 464 1931 11100
501 1888 616 1932 Sulla
644 1890 694 1931 de
723 1889 973 1930 Mithridate
994 1890 1154 1944 ingenti
1190 1889 1320 1943 gloria

74 1947 359 2001 triumphavit.
421 1946 498 1988 Cn.
531 1947 655 1988 etiam
689 1947 925 2000 Pompeius,
961 1947 1072 2000 quod
1106 1946 1212 1986 nulli
1233 1946 1321 1988 Ro-

73 2019 289 2045 manorum
338 2004 546 2045 tributum
591 2011 693 2053 erat,
744 2011 939 2058 quartum
989 2010 1030 2045 et
1074 2003 1321 2058 i*igesimum

74 2076 230 2103 annum
259 2077 398 2116 agens,
434 2062 483 2103 de
521 2061 669 2102 Africa
700 2061 985 2116 triumphavit.
1049 2063 1111 2113 (A.
1131 2073 1175 2101 U.
1203 2060 1321 2116 673.)

75 2118 206 2160 Hunc
226 2119 352 2159 finem
372 2119 608 2160 habuerunt
630 2119 712 2159 duo
733 2119 842 2159 bella
859 2118 1139 2159 funestissima
1156 2133 1166 2166 ς
1200 2117 1320 2159 Itali-

74 2189 180 2226 cumj
205 2177 317 2231 quod
339 2183 379 2218 et
406 2176 565 2219 Sociale
587 2176 741 2217 dictum
766 2182 840 2225 est,
865 2182 906 2217 et
928 2176 1060 2219 civile,
1085 2188 1177 2228 quae
1198 2175 1319 2217 ambo

73 2238 207 2275 tracta
236 2241 334 2275 sunt
366 2249 439 2289 per
471 2249 598 2274 annos
630 2234 780 2275 decem.
843 2233 1175 2275 Consumserunt
1207 2232 1318 2274 ultra
