1512 2558
579 92 729 131 BOOK
758 94 850 130 VII.
1286 100 1333 138 57

97 204 201 257 (Rc
232 213 276 242 N.
302 203 392 256 70.)
450 200 660 250 Achaiam,
697 202 886 256 Lyciam,
922 203 1133 252 Rhodum,
1169 204 1335 258 Byzan-

98 259 218 308 tium,
244 258 430 303 Samum„
454 273 546 313 qum
567 259 705 300 liberm
726 268 822 300 ante
848 260 924 301 hoc
954 269 1119 316 tempus
1141 262 1303 303 fuerant
1324 294 1333 311 ,

99 316 199 358 item
241 316 474 365 Thraciam,
519 316 721 366 Ciliciam,
766 317 1089 372 Commagenen,
1125 334 1217 372 quae
1258 322 1334 360 sub

99 373 265 429 regibus
305 374 445 415 amicis
486 382 679 429 egerant,
724 375 766 414 in
814 375 1119 429 provinciarum
1162 377 1333 417 sormam

99 431 271 486 redegit.

159 488 271 530 XX.
307 488 569 531 Offensarum
592 496 633 530 et
655 489 965 531 inimicitiarum
988 490 1203 533 immemor
1226 492 1332 534 fuit:

100 546 285 587 convicia
306 548 328 587 a
349 547 562 588 causidicis
583 554 623 588 et
646 547 897 602 philosophis
918 548 960 588 in
982 563 1024 589 se
1046 549 1168 598 dicta,
1188 550 1337 590 leniter

99 603 224 645 tulit:
258 604 433 658 diligens
469 612 607 645 tamen
641 606 839 645 coercitor
871 606 1096 660 disciplinas
1132 607 1332 648 militaris.

102 660 188 702 Hic
227 676 321 703 cum
362 661 459 702 Tito
493 661 578 702 filio
618 662 668 702 de
708 662 1009 718 Hierosolymis
1050 664 1333 719 triumphavit.

100 717 185 760 Per
215 718 302 759 hrec
334 720 428 759 esim
465 719 627 759 senatui
660 726 701 760 et
735 720 900 774 populo,
924 721 1131 774 postremo
1160 723 1333 770 eunctis=

99 776 284 817 amabilis
298 791 344 817 ac
354 777 565 829 jucundus
583 784 702 825 esset,
718 777 921 831 profluvio
935 778 1092 818 ventris
1106 779 1336 820 exstinctus

99 839 162 875 est
182 833 225 874 in
242 834 338 874 villa
355 834 530 888 propria,
549 834 655 875 circa
679 834 866 883 Sabinos,
884 850 1038 876 annum
1061 837 1193 877 aetatis
1211 851 1336 891 agens

99 891 400 947 sexagesimum
431 906 601 941 nonum,
623 891 784 946 imperii
816 907 972 933 nonum
1001 900 1045 934 et
1073 893 1179 934 diem
1210 894 1336 948 septi-

98 963 240 990 mum:
284 956 412 1003 atque
452 949 561 990 inter
600 949 716 989 divos
757 949 912 990 relatus
948 957 1022 990 cst.
1087 950 1336 992 Genituram

97 1006 277 1048 filiorum
311 1007 369 1047 ita
401 1006 611 1061 cognitam
642 1006 799 1056 habuit,
824 1014 884 1056 ut,
908 1007 1002 1048 cum
1031 1008 1173 1048 multae
1193 1014 1337 1049 contra

99 1078 195 1106 eum
230 1064 534 1119 conjurationes
573 1064 732 1112 fierent,
768 1079 870 1119 quas
911 1064 1137 1118 patefactas
1177 1065 1336 1120 ingenti

98 1121 426 1163 dissimulatione
455 1122 687 1170 contemsit,
711 1122 754 1162 in
782 1128 929 1163 senatu
951 1121 1116 1172 dixerit,
1140 1125 1336 1175 autfile'os

99 1181 176 1220 sibi
193 1195 453 1228 successuros,
477 1187 552 1220 aut
570 1183 771 1220 neminem.

158 1236 295 1278 XXI.
332 1237 447 1278 Huic
481 1237 627 1278 TITUS
662 1237 771 1278 filius
812 1237 1021 1286 successit,
1059 1238 1130 1291 qui
1172 1245 1214 1280 et
1248 1239 1335 1294 ipse

101 1293 382 1349 Vespasianus
403 1301 463 1335 est
485 1294 642 1342 dictus:
674 1295 736 1334 vir
757 1295 940 1335 omnium
962 1294 1163 1336 virtutum
1185 1311 1334 1351 genere

99 1352 296 1394 mirabilis
317 1352 432 1401 adeo,
450 1359 498 1393 ut
519 1367 631 1392 amor
653 1362 689 1392 et
704 1354 852 1392 delia-ise
873 1354 1042 1392 humani
1057 1357 1212 1408 ‘qenerz's
1228 1354 1334 1395 dice-

98 1416 223 1451 retur.
286 1409 638 1458 Facundissimus,
677 1409 1022 1459 bellicosissimus,
1060 1411 1336 1452 moderatissi-

97 1481 212 1508 mus:
244 1482 386 1509 causas
407 1467 533 1508 latine
555 1467 662 1521 egit:
694 1471 883 1521 poemata
903 1473 945 1508 et
966 1468 1184 1523 tragoedias
1205 1468 1335 1523 graece

98 1525 338 1580 composuit.
402 1524 455 1565 In
485 1525 795 1579 oppugnatione
823 1524 1225 1579 Hierosolymorum,
1259 1527 1335 1566 sul)

97 1588 214 1637 patre
260 1582 454 1630 militans,
496 1581 709 1622 duodecim
750 1589 1079 1637 propugnatores
1119 1583 1334 1624 duodecim

97 1640 342 1695 sagittarum
374 1639 526 1681 ictibus
557 1639 740 1680 confixit.
803 1639 948 1680 Romae
976 1646 1103 1680 tantae
1124 1640 1336 1681 civilitatis

96 1697 140 1738 in
160 1697 334 1751 imperio
350 1696 445 1745 fuit,
463 1704 510 1737 ut
533 1696 694 1737 nullum
716 1696 883 1737 omnino
906 1697 1098 1750 puniret:
1124 1698 1335 1738 convictos

96 1754 313 1795 adversum
332 1768 418 1795 sese
435 1753 729 1808 conjurationis
751 1754 810 1794 ita
829 1753 1042 1801 dimiserit,
1061 1763 1109 1794 ut
1130 1754 1172 1794 in
1194 1754 1332 1795 eadem

96 1811 390 1860 familiaritate,
435 1813 515 1864 qus«
562 1811 695 1859 antea,
737 1810 939 1855 habuerit.
1023 1811 1254 1852 Facilitatis
1293 1819 1336 1853 et

96 1868 356 1910 liberalitatis
386 1875 513 1909 tantae
545 1868 636 1915 fuit,
662 1875 722 1916 ut,
750 1869 844 1908 cum
876 1867 980 1908 nulli
1006 1868 1234 1922 quidquam
1263 1884 1335 1910 ne-

95 1933 226 1981 garet,
249 1933 290 1968 et
312 1926 363 1967 ab
385 1926 526 1966 amicis
547 1925 929 1979 reprehenderetur,
952 1925 1221 1980 responderit,
1246 1927 1336 1966 nul-

95 1985 177 2025 lum
199 1986 348 2024 tristem
365 1985 500 2024 debere
521 1984 570 2023 ab
592 1986 828 2036 imperatore
844 1984 1051 2023 discedere.
1114 1982 1334 2032 Praeterea,

95 2042 191 2082 cum
213 2041 391 2094 quodam
412 2040 478 2081 die
506 2040 549 2080 in
577 2041 693 2081 coena.
720 2040 958 2081 reeordatus
985 2040 1143 2088 fuisset,
1167 2040 1270 2080 nihil
1292 2055 1335 2081 se

94 2097 166 2139 illo
186 2097 253 2139 die
275 2098 467 2151 cuiquam
490 2097 738 2152 praestitisse,
756 2097 930 2138 dixerit:
955 2100 1086 2145 amici,
1105 2097 1215 2137 leodi&
1235 2099 1335 2137 diem

92 2156 262 2210 perdidi.
327 2155 413 2196 Hic
447 2155 593 2196 Romae
632 2154 982 2208 amphitheatrum
1021 2152 1251 2203 aedificavit,
1293 2160 1336 2196 et

97 2215 283 2267 quinque
306 2211 433 2252 millia
453 2211 631 2253 ferarum
656 2213 697 2251 in
720 2211 977 2252 dedicatione
999 2212 1086 2264 ejus
1106 2211 1268 2252 occidit.

153 2268 317 2310 AXII.
353 2268 437 2310 Per
466 2268 549 2310 lxaec
580 2269 778 2309 inusitato
809 2268 949 2310 favore
980 2268 1166 2315 dilectu-5,
1191 2270 1335 2310 morbo

683 2337 702 2356 D
727 2339 745 2356 ξ*
