1512 2578
577 135 729 174 BOOK
756 136 836 174 111.
1272 139 1321 176 23

80 243 256 300 viginti3
292 244 358 286 vir
390 244 677 286 Romanorum
713 246 899 287 omnium
933 254 976 288 et
1008 248 1082 288 sua
1118 254 1253 297 aetate,
1284 257 1324 291 ct

79 300 296 357 posteriori
314 308 515 358 tempore,
537 302 625 344 fere
646 303 815 357 primus.
859 303 922 359 (Α,
938 315 983 345 U.
1007 304 1128 359 542.)
1159 305 1202 345 Is
1221 304 1325 348 Car-

79 357 293 414 thaginem
319 359 535 414 Hispaniae
565 361 705 415 capit3
739 360 782 401 in
815 362 898 416 qua
933 376 1053 403 omne
1089 377 1249 412 aurum,
1281 371 1324 405 et

78 423 314 471 argentum,
337 423 380 458 et
410 417 508 459 belli
539 425 784 472 apparatum
809 418 904 459 Afri
935 418 1167 468 habebant3
1202 421 1321 462 nobi-

77 472 253 515 lissimos
269 488 438 529 quoque
454 474 629 524 obsides,
648 490 752 529 quos
767 477 819 517 ab
836 475 1036 530 Hispanis
1053 485 1319 532 acceperant3

78 528 307 585 Magonem
338 532 478 581 etiam,
512 532 683 573 fratrem
717 533 980 583 Hannibalis,
1013 534 1165 576 ibidem
1196 536 1319 590 capit,

79 601 203 641 quem
220 588 400 630 Romam
416 604 512 631 cum
527 589 618 630 aliis
639 590 781 631 mittit.
844 590 989 633 Romae
1012 591 1020 599 '
1057 606 1158 635 ‘rens
1177 592 1322 648 laetllila

414 646 519 687 tium
540 647 634 688 fuit.
697 647 835 702 Scipio
853 606 1139 703 His-*lffrigffim
1155 639 1321 692 05s1des

75 702 319 756 parentibus
339 703 412 744 red
444 718 472 744 ι(
523 735 532 744 .
598 703 739 756 Quare
761 720 902 746 omncs
923 707 1009 746 fere
1033 706 1247 760 Hispaniae
1267 707 1320 748 ad

76 773 173 801 eum
193 774 278 801 uno
293 760 431 802 animo
447 761 715 802 transierunt.
769 761 873 803 Post
889 776 982 815 quae
998 762 1316 811 Hasdrubalem,

77 815 329 859 Hannibalis
360 817 544 867 fratrem,
568 818 727 859 victum
752 818 886 874 fugat,
909 825 951 860 et
980 820 1159 874 praedam
1186 821 1319 862 maxi·

76 888 187 915 mam
208 875 330 931 capit.

135 931 270 974 XVI.
321 932 385 989 (A.
400 945 445 974 U.
471 933 590 988 544.)
651 933 819 975 Interea
854 934 898 974 in
927 933 1053 976 Italia
1087 935 1232 976 consul
1261 936 1316 989 Q.

75 988 234 1031 Fabius
262 989 477 1031 Maximus
509 991 739 1032 Tarentum
773 992 896 1046 cepit,
929 991 972 1032 in
1009 993 1093 1045 qua
1127 993 1317 1048 ingentes

75 1046 202 1102 oopiae
219 1046 471 1089 Hannibalis
492 1057 622 1089 erant.
677 1048 743 1089 Ibi
760 1049 884 1090 etiam
900 1048 1048 1090 ducem
1068 1049 1316 1092 Hannibalis

76 1102 373 1147 Carthalonem
408 1105 570 1154 oceidit,
608 1105 759 1161 viginti
800 1106 988 1160 quinque
1022 1106 1152 1147 millia
1186 1109 1317 1162 capti-

75 1176 222 1204 vorum
251 1162 451 1212 vendidit,
479 1163 658 1218 praedam
690 1163 894 1205 militibus
924 1164 1170 1218 dispertivit,
1193 1179 1317 1219 pecu-

74 1219 186 1261 niam
205 1219 422 1262 hominum
442 1221 706 1262 venditorum
731 1221 782 1261 ad
809 1221 955 1262 fiscum
983 1221 1140 1262 retulit.
1206 1222 1316 1263 Tum

74 1276 217 1318 multae
251 1277 442 1319 civitates
476 1278 777 1327 Romanorum,
815 1293 907 1331 quae
944 1278 996 1318 ad
1033 1277 1315 1320 Hannibalem

75 1334 339 1384 transierant,
379 1349 521 1376 rursus
561 1350 604 1376 se
645 1335 779 1376 Fabio
821 1335 1009 1376 Maximo
1053 1335 1313 1378 dediderunt.

74 1390 323 1446 Insequenti
342 1406 451 1433 anno
476 1391 614 1447 Scipio
636 1393 677 1432 in
697 1392 903 1447 Hispania
923 1392 1109 1448 egregias
1129 1408 1193 1434 res
1215 1395 1314 1449 egit,

74 1455 118 1490 et
147 1463 223 1504 per
251 1464 308 1498 se,
341 1456 383 1490 et
403 1463 478 1504 per
509 1449 682 1491 fratrem
715 1465 837 1490 suum
865 1449 918 1490 L.
953 1450 1203 1504 Scipionem,
1227 1465 1317 1506 sep·

74 1506 268 1562 tuaginta
306 1506 497 1548 civitates
539 1508 709 1562 recepit.
773 1508 827 1548 In
860 1507 986 1549 Italia
1030 1514 1169 1549 tamen
1212 1508 1318 1551 male

73 1570 308 1619 pugnatum
331 1570 407 1606 est.
474 1565 585 1607 Nam
608 1565 808 1608 Claudius
830 1564 1058 1606 Marcellus
1091 1565 1236 1606 consul
1264 1565 1318 1608 ab

75 1619 318 1663 Hannibale
338 1622 496 1665 occisus
516 1631 589 1664 est.

135 1679 294 1723 XVII.
330 1679 476 1722 Tertio
508 1695 617 1721 anno
650 1687 756 1735 post,
795 1681 921 1734 quam
957 1680 1095 1735 Scipio
1131 1680 1183 1721 ad
1218 1680 1319 1722 His-
1369 1723 1371 1731 ,

74 1738 241 1792 paniam
260 1737 471 1792 profectus
492 1744 567 1786 est,
590 1753 733 1778 rursus
754 1752 819 1778 res
841 1738 1018 1792 inclytas
1039 1737 1160 1792 gerit,
1178 1751 1319 1792 regem
1371 1758 1374 1780 t

79 1794 393 1850 Hispaniarum,
414 1810 565 1850 magno
587 1795 730 1850 proelio
751 1794 922 1844 victum,
944 1795 987 1835 in
1007 1794 1230 1835 amicitiam
1252 1809 1319 1836 ac-

77 1852 201 1907 cepit,
218 1858 261 1893 et
276 1851 434 1906 primus
450 1852 635 1893 omnium
653 1853 678 1893 a
693 1852 802 1893 victo
819 1852 980 1893 obsides
998 1867 1081 1893 non
1098 1851 1296 1906 poposcit.

135 1908 321 1951 XVIII.
355 1908 592 1964 Desperans
634 1909 862 1958 Hannibal,
906 1909 1132 1963 Hispanias
1176 1916 1320 1950 eontra.

82 1965 320 2022 Scipionem
367 1967 516 2009 ducem
564 1967 722 2008 diutius
758 1981 876 2021 posse
922 1967 1106 2015 retineri,
1149 1965 1319 2007 fratrem

78 2038 201 2066 suum
228 2023 537 2066 Hasdrubalem
570 2025 612 2064 in
645 2024 810 2065 Italiam
844 2038 940 2065 cum
971 2023 1161 2065 omnibus
1193 2023 1320 2078 copiis

79 2081 280 2130 evocavit.
342 2081 387 2122 Is
407 2083 578 2124 veniens
598 2082 742 2123 codem
763 2082 924 2131 itinere,
949 2096 1032 2136 quo
1053 2081 1177 2122 ctiam
1199 2081 1321 2122 Han-

81 2137 192 2180 nibal
205 2144 377 2180 venerat
397 2138 459 2195 (A.
477 2151 521 2180 U.
541 2139 658 2193 546),
677 2140 700 2180 a
714 2139 966 2188 consulibus,
984 2139 1125 2192 Appio
1143 2137 1320 2180 Claudio

80 2194 252 2237 Nerone
298 2202 342 2237 et
389 2195 452 2237 M.
476 2196 602 2238 Livio
641 2196 886 2246 Salinatore,
928 2197 1037 2250 apud
1077 2195 1321 2237 Metaurum

80 2252 254 2294 fluvium
275 2259 319 2294 et
342 2251 508 2302 Senam,
532 2253 677 2295 Piceni
699 2254 923 2302 civitatem,
947 2253 989 2293 in
1021 2252 1189 2293 insidias
1210 2266 1321 2293 com·

79 2309 234 2362 positas
263 2309 437 2359 incidit3
471 2311 640 2352 strenue
669 2317 806 2352 tamen
827 2325 1031 2366 pugnam,
1051 2313 1211 2354 occisus
1233 2316 1323 2359 θεῖς
