1533 2542
117 87 169 123 54
573 81 905 120 EUTROPIUS.

116 195 213 236 dam
233 194 457 236 crudeliter
478 200 520 235 ct
547 192 713 234 insulse.
777 190 1008 240 Britanniae
1029 189 1185 245 bellun}
1207 190 1364 240 intulit,
1383 187 1386 190 ⁴

117 267 244 307 quam
275 252 415 293 nullus
447 251 735 292 Romanorum
762 257 857 303 post
877 248 1046 291 Julium
1070 247 1274 290 Caesarem
1302 255 1365 290 at·

115 310 282 366 tigerat,
316 310 448 364 eaque
476 308 640 350 devicta
667 322 740 362 per
759 305 837 349 Cn.
865 305 1058 348 Sentium
1091 313 1134 348 ct
1156 306 1210 348 A.
1237 306 1365 348 Plau«

115 367 224 409 tium
239 367 300 424 (P.
311 379 349 409 o.
360 380 404 409 N.
423 366 514 421 43),
532 366 713 407 illustres
730 371 772 406 et
786 363 945 405 nobiles
962 364 1084 413 viros,
1103 364 1364 420 triumphum

116 425 319 467 celebrem
327 426 425 481 egit.
444 424 657 477 Quasdam
666 422 822 463 insulas
831 421 970 470 etiam,
979 421 1089 462 ultra
1100 421 1365 464 Britanniam

114 483 161 524 in
175 483 342 525 Oceano
355 483 521 538 positas,
538 481 729 522 Romano
737 479 909 534 imperio
929 479 1099 529 addidit,
1119 495 1210 534 quae
1224 480 1365 535 appel-

115 540 257 582 lantur
278 539 474 588 Orcades,
505 539 675 592 filioque
703 553 777 579 suo
799 536 1034 578 Britannici
1055 552 1207 579 nomen
1233 538 1366 593 impo-

116 598 212 639 suit.
247 598 354 639 'l'am
370 597 502 639 civilis
518 604 658 637 autem
677 596 784 637 circa
800 595 1001 648 quosdam
1018 595 1169 637 amicos
1187 595 1364 645 exstitit,

114 662 164 696 ut
184 656 310 697 etiam
327 655 558 703 Plautium,
576 654 757 695 nobilem
774 654 924 702 virum,
948 653 1021 706 qui
1042 653 1085 693 in
1102 653 1366 709 expeditione

115 712 361 755 Britannica
387 713 520 754 multa
548 711 714 768 egregie
736 711 903 760 fecerat,
927 711 1256 766 triumphantem
1278 711 1366 766 ipse

114 778 451 826 prosequeretur,
482 777 525 812 et
553 769 845 811 conscendenti
869 768 1126 823 Capitolium
1153 769 1282 810 laevus
1302 769 1367 810 in-

115 829 291 871 cederet.
368 829 412 869 Is
448 828 555 870 vixit
591 842 720 869 annos
756 826 973 882 sexaginta
1006 834 1198 880 quatuor,
1236 827 1368 883 impe-

113 887 223 928 ravit
255 886 582 941 quatuordecim.
633 885 745 943 (Rc.
758 898 801 926 N.
822 884 913 940 54.)
935 884 1041 926 Post
1070 892 1246 926 mortem
1270 899 1368 927 con-

115 951 299 986 secratus
321 951 397 994 est,
420 945 624 998 divusque
646 944 890 998 appellatus.

174 1002 308 1044 XIV.
336 1002 543 1045 Successit.
559 1002 654 1042 huic
669 1003 705 1042 N
716 1014 817 1050 ERO,
833 1000 1047 1056 Caligulae,
1059 1002 1266 1043 avunculo
1279 1016 1367 1051 suo,

114 1060 359 1110 simillimus,
383 1060 457 1113 qui
483 1059 702 1115 imperium
735 1059 974 1100 Romanum
995 1066 1037 1101 et
1059 1058 1306 1101 deformavit
1327 1065 1370 1100 et

115 1117 333 1159 diminuit:
393 1117 600 1159 inusitatae
640 1117 815 1158 luxuriae
856 1124 1166 1171 sumtuumque,
1208 1124 1258 1158 ut
1298 1117 1370 1171 qui

115 1175 305 1230 exemplo
348 1175 441 1218 Caii
486 1174 688 1230 Caligula}
736 1175 877 1217 calidis
923 1182 966 1217 et
1005 1175 1166 1230 frigidis
1213 1175 1369 1216 lavaret

114 1233 353 1288 unguentis,
390 1233 549 1275 retibus
590 1233 725 1274 aureis
766 1233 1006 1288 piscaretur,
1051 1248 1142 1286 quae
1182 1233 1371 1274 blattinis

113 1290 284 1332 funibus
312 1291 567 1333 extrahebat.
632 1291 847 1331 Infinitam
870 1297 1031 1345 partem
1051 1291 1221 1339 §Qatssfi
1241 1290 1372 1340 inter-

113 1347 238 1398 fecit3
271 1348 768 1404 &waimis-‘hostis
792 1349 893 1405 fuit,
949 1348 1022 1390 Ad
1052 1355 1306 1403 postremum
1329 1363 1372 1390 se

115 1412 233 1448 tanto
252 1407 451 1449 dedecore
482 1400 1035 1461 prostitffiffiif‘e'ffsa'ltaret
1056 1413 1099 1448 et
1120 1413 1307 1448 cantaret
1328 1406 1370 1448 in

115 1464 248 1513 scena,
290 1464 553 1506 citharoedico
594 1464 741 1506 habitu
780 1465 849 1506 vel
888 1465 1058 1520 tragico.
1142 1464 1372 1506 Parricidia

113 1521 248 1562 multa
295 1522 513 1571 commisit,
563 1523 704 1571 fratre,
754 1537 898 1572 uxore,
947 1529 1078 1564 matre
1124 1521 1368 1569 interfectis.

115 1577 225 1634 (Μ.
245 1592 288 1620 N.
313 1581 397 1632 64.)
442 1570 1033 1631 mamma&
1063 1587 1110 1621 ut
1143 1580 1370 1634 spectaculi

115 1636 205 1689 ers
220 1638 445 1692 imaginem
459 1644 659 1687 cerneret,
679 1638 793 1692 quali
808 1638 906 1679 olim
921 1638 1047 1693 Troja
1063 1646 1185 1692 capta
1199 1645 1367 1679 arserat.

114 1692 171 1735 In
199 1710 244 1736 re
274 1695 444 1736 militari
474 1696 578 1736 nihil
609 1696 777 1737 omnino
799 1710 936 1745 ausus,
959 1695 1232 1751 Britan-niam]
1248 1696 1369 1750 paene

116 1752 265 1794 amisit.
328 1752 438 1795 Nam
470 1754 551 1794 duo
582 1754 658 1795 sub
690 1753 767 1795 hoc
797 1753 1050 1795 nobilissima
1080 1753 1231 1809 oppida
1251 1760 1371 1809 capta

113 1809 212 1859 illic,
227 1817 354 1864 atque
368 1826 509 1853 eversa
524 1818 645 1857 sunt:
671 1811 916 1854 Armeniam
929 1811 1080 1853 Parthi
1095 1811 1368 1861 sustulerunt,

113 1866 632 1922 legionesque—Romanas
672 1869 749 1911 sub
783 1870 935 1924 jugum
975 1869 1188 1910 miserunt.
1263 1869 1370 1910 Duae
1431 1871 1440 1877 ²

114 1931 256 1966 tamen
295 1926 643 1980 provin‘ciae‘“‘sub'
664 1924 863 1970 e‘ossactae
893 1933 1004 1976 sunt,
1042 1920 1218 1976 Fcffifu‘s
1246 1926 1370 1968 Pole-

114 1983 340 2032 moniacus,
392 1985 644 2026 concedente
694 2000 793 2040 rege
843 1984 1085 2034 Polemone,
1138 1991 1181 2026 et
1238 1984 1371 2040 Alpes

118 2039 283 2088 Cottiae,
317 2041 460 2084 Cottio
480 2057 576 2096 rege
597 2042 807 2084 defuncto.
1158 2084 1165 2091 ,
1422 2042 1425 2043 ’

177 2096 284 2141 XV.
317 2099 404 2141 Per
422 2099 509 2141 haec
529 2100 720 2141 Romano
742 2101 831 2142 orbi
853 2101 1127 2150 exsecrabilis,
1157 2101 1207 2142 ab
1240 2101 1370 2143 omni-

116 2154 195 2196 bus
230 2156 353 2198 simul
388 2158 628 2207 destitutus,
663 2158 1368 2214 QAEQQ„‚ILQ§1QKSqudicaQS,

117 2212 213 2254 οἴω]
243 2222 498 2267 quaereretur
529 2215 581 2256 ad
610 2231 787 2270 poenam,
812 2217 921 2270 (quae
941 2231 1065 2272 poena
1085 2224 1174 2258 erat
1193 2216 1300 2266 talis,
1321 2223 1370 2258 ut

117 2270 254 2312 nudus
275 2286 349 2325 per
369 2273 582 2328 publicum
603 2274 766 2324 ductus,
789 2273 908 2316 furca
937 2274 1061 2330 capiti
1087 2275 1176 2329 ejus
1202 2275 1369 2324 inserta,
