1533 2542
66 1035 128 1137 ιλ

184 96 235 131 20
640 92 968 131 EUTROPIUS.

244 203 378 245 VIII.
414 202 524 243 Tum
552 200 603 242 P.
636 200 854 243 Cornelius
889 200 1027 256 Scipio
1055 215 1150 243 cum
1171 201 1357 243 exercitu
1385 201 1427 242 in

188 260 434 315 Hispaniam
480 258 689 314 profectus
725 265 799 308 est,
844 259 1036 300 Tiberius
1079 257 1348 313 Sempronius
1385 258 1427 300 in

189 318 398 365 Siciliamg
451 317 608 358 bellum
650 315 1062 370 Carthaginiensibus
1109 316 1311 357 indictum
1352 323 1426 358 est.

187 375 414 424 Hannibal,
458 374 603 429 rfelicto
645 373 689 414 in
729 373 934 428 Hispania
976 373 1103 414 fratre
1127 373 1426 423 ‚Hasdrubalffi

186 433 437 488 Pyrenaeum
472 431 664 480 transiit3
701 431 846 484 Alpes,
883 430 1018 471 adhuc
1047 431 1095 471 ea
1129 437 1246 484 parte
1281 430 1426 480 invias,

186 491 265 532 sibi
292 487 498 545 patefecit.
564 487 762 530 Traditur
793 488 843 528 ad
876 487 1042 528 Italiam
1070 487 1282 542 octoginta
1300 487 1430 529 millia

185 548 386 602 peditum,
409 553 451 588 et
473 545 623 600 viginti
643 545 772 585 millia
791 544 994 597 equitum,
1018 551 1176 598 septem
1192 551 1235 586 et
1255 544 1430 599 triginta

185 604 425 660 elephantos
443 602 673 645 adduxisse.
687 646 697 649 μ
722 601 890 642 Interea
906 601 1027 643 multi
1049 600 1230 657 Ligures
1251 608 1293 643 et
1315 601 1429 644 Galli

185 661 417 714 Hannibali
445 675 488 702 se
516 660 833 714 conjunxerunt.
901 658 1168 713 Sempronius
1198 658 1426 708 Gracchus,

184 715 352 774 ecgnito
390 719 442 759 ad
477 717 645 758 Italiam
682 716 933 757 Hannibalis
968 717 1165 765 adventu,
1199 731 1252 758 ex
1288 716 1429 759 Sicilia

185 776 414 818 exercitum
438 775 679 816 Ariminum
698 774 873 827 trajecit.
1311 804 1318 809 .

244 834 330 874 IX.
355 833 405 874 P.
425 832 642 875 Cornelius
659 831 796 886 Scipio
812 831 1041 871 Hannibali
1056 831 1214 886 primus
1227 831 1406 873 occurrit
1414 847 1425 881 ;

187 893 399 933 commisso
440 890 596 945 proelio,
634 889 789 944 fugatis
830 889 926 937 suis,
969 888 1055 942 ipse
1091 889 1335 930 vulneratus
1384 888 1428 929 in

185 955 319 990 castra
339 948 474 990 rediit.
542 947 809 1002 Sempronius
833 945 1047 989 Gracchus
1069 953 1111 987 et
1131 946 1219 1001 ipse
1241 945 1428 1001 confligit

142 1014 145 1019 ’
185 1007 296 1061 apud
328 1006 522 1047 Trebiam
550 1020 723 1046 amnem.
787 1003 831 1044 Is
857 1018 1024 1058 quoque
1048 1004 1243 1045 vincitur.
1307 1003 1428 1049 Han-

153 1082 158 1112 ι,
184 1064 314 1105 nibali
335 1063 456 1104 multi
478 1078 519 1104 se
536 1062 579 1103 in
595 1062 720 1103 Italia
736 1061 993 1102 dediderunt.
1032 1061 1094 1117 (A.
1105 1073 1149 1102 U.
1171 1060 1290 1115 536.)
1321 1060 1451 1102 Inde*

156 1120 160 1167 ἒ
184 1119 237 1163 ad
254 1121 448 1162 Tusciam
466 1120 635 1162 veniens
652 1117 870 1160 Hannibal
886 1117 1093 1159 Flaminio
1110 1119 1270 1160 consuli
1285 1132 1428 1159 occur-

154 1181 160 1199 ¹
183 1180 261 1228 rit3
285 1179 420 1234 ipsum
437 1178 693 1219 Flaminium
714 1176 937 1217 interemit.
971 1176 1257 1217 Romanorum
1276 1175 1427 1230 viginti

184 1237 370 1291 quinque
390 1235 520 1276 millia
541 1249 643 1276 caesa
664 1240 774 1283 sunt,
802 1233 928 1274 ceteri
948 1233 1215 1288 diffugerunt.
1270 1233 1428 1274 Missus

186 1294 376 1336 adversus
410 1292 692 1333 Hannibalem
723 1298 865 1346 postea
895 1291 919 1331 a
950 1290 1152 1332 Romanis
1184 1290 1237 1342 Q.
1269 1289 1427 1331 Fabius

184 1352 409 1393 Maximus.
474 1350 519 1391 Is
550 1365 658 1399 eum,
693 1348 920 1390 differendo
952 1363 1150 1404 pugnam,
1182 1347 1234 1389 ab
1266 1347 1426 1403 impetu

183 1409 308 1463 fregit
324 1425 334 1458 3
368 1423 464 1449 mox
484 1407 655 1449 inventa
674 1407 887 1448 occasione
907 1405 1020 1447 vicit.

241 1467 301 1508 X.
338 1467 400 1519 (A.
419 1478 463 1506 U.
495 1464 615 1518 537.)
651 1463 998 1518 Quingentesimo
1035 1469 1076 1504 et
1112 1462 1426 1517 quadragesimo

182 1539 290 1566 anno
311 1525 335 1565 a
356 1523 523 1565 condita
542 1522 734 1571 urbe,‚L.
758 1521 959 1562 AEmilius
980 1521 1168 1570 Paullus,
1192 1520 1243 1561 P.
1269 1520 1426 1561 Teren-

181 1583 265 1624 tius
288 1582 438 1630 Varro,
468 1586 612 1621 contra
644 1578 924 1620 Hannibalem
945 1578 1185 1627 mittuntur,
1207 1576 1438 1631 Fabioque·
1467 1605 1469 1607 ·

181 1639 431 1686 succedunt3
472 1638 544 1691 qui
577 1637 735 1678 Fabius
769 1636 909 1677 ambos
945 1636 1133 1677 consules
1168 1635 1343 1683 monuit,
1377 1642 1426 1676 ut

183 1696 478 1745 Hannibalem,
521 1695 699 1736 calidum
735 1700 777 1735 et
817 1693 1103 1748 impatientem
1138 1693 1298 1741 ducem,
1341 1707 1426 1733 non

152 1761 156 1785 ἰ
181 1755 299 1796 aliter
320 1754 546 1801 vincerent,
580 1753 705 1806 quam
738 1751 928 1806 proelium
961 1750 1199 1792 differendo.
1242 1750 1426 1792 'Verum

148 1826 149 1829 ’
181 1814 276 1854 cum
298 1810 557 1866 impatientia
573 1810 775 1851 Varronis
793 1808 984 1857 consulis,
1000 1808 1307 1849 contradicente
1329 1822 1426 1848 con-

144 1886 149 1915 ,·’
181 1870 270 1911 sule
302 1869 445 1917 altero,
480 1868 591 1922 apud
622 1867 775 1915 vicum,
805 1866 878 1919 qui
914 1865 1069 1907 Cannae
1099 1865 1344 1920 appellatur,
1381 1864 1426 1905 in

143 1947 146 1955 ·
183 1927 342 1982 Apulia
363 1932 596 1981 pugnatum
618 1932 738 1973 esset,
760 1925 882 1975 ambo
903 1923 1091 1965 consules
1111 1922 1425 1970 abHannibale

144 1971 150 2030 i
176 1985 419 2030 §incuntun
469 1983 523 2023 In
539 1983 587 2023 ea
608 1983 749 2037 pugna
766 1981 844 2022 tria
864 1980 994 2020 millia
1010 1979 1212 2028 Afrorum
1234 1985 1423 2034 pereunt,

149 2038 153 2054 l

181 2057 332 2097 magna
362 2056 455 2095 pars
476 2040 526 2081 cle
548 2040 732 2081 exercitu
762 2036 1011 2079 Hannibalis
1045 2037 1276 2086 sauciatum
1309 2037 1424 2078 nullo

155 2107 162 2145 ‘z
181 2107 322 2141 tamen
358 2098 520 2140 Punico
556 2097 665 2138 bello
701 2096 882 2137 Romani
916 2095 1084 2150 gravius
1119 2095 1278 2149 accepti
1312 2101 1421 2135 sunt.

162 2154 318 2208 ³2Pcriit
338 2156 447 2197 enim
468 2156 512 2201 in
528 2169 578 2203 eo
595 2154 799 2201 AEmilius
815 2153 991 2208 Baussus
1011 2152 1168 2212 consul,
1191 2152 1424 2194 consulares

176 2221 255 2256 ‹aut
272 2213 451 2269 przetorii
467 2212 629 2268 viginti,
653 2218 860 2253 senatores
882 2210 992 2266 capti
1008 2217 1081 2251 aut
1094 2207 1216 2251 occisi
1235 2209 1422 2264 triginta,

178 2262 339 2312 'nc-biles
357 2271 433 2311 viri
447 2270 634 2319 trecenti,
652 2269 833 2310 militum
851 2268 1129 2324 quadraginta
1145 2267 1286 2316 millia,
1304 2265 1422 2320 equi-
